4497 6714
1279 782 1427 861 loo

1117 966 1232 1049 sia
1294 970 1572 1070 fontes,
1641 1000 1737 1053 ex
1803 971 2088 1079 quibu>¹
2145 978 2547 1080 tamquam
2611 970 2842 1053 rivuli
2899 970 3280 1053 salutares
3346 968 3769 1053 effundun-

1116 1135 1245 1211 tur
1308 1129 1386 1211 in
1432 1132 1760 1241 populos
1828 1132 2295 1217 christianos
2362 1136 2565 1217 dona
2611 1132 3005 1235 caelestia,
3051 1130 3458 1230 beneficia,
3528 1136 3607 1214 et
3674 1158 3767 1213 ea

1117 1290 1376 1374 omnia
1411 1291 1696 1401 quibus
1730 1294 2065 1379 maxime
2106 1294 2578 1404 indigemus.
2623 1344 2726 1357 —
2764 1293 3256 1403 Quapropter
3296 1320 3449 1377 non
3491 1291 3778 1375 mirum

1116 1459 1236 1537 est
1312 1453 1377 1536 si
1442 1454 1922 1564 providentis
2014 1457 2156 1541 Dei
2228 1456 2555 1541 consilio
2636 1456 3013 1541 nonnulla
3079 1463 3537 1539 sanctorum
3605 1481 3774 1538 cor-

1116 1642 1327 1723 pora,
1375 1643 1574 1724 quae
1642 1624 1873 1701 antea
1919 1616 1998 1699 in
2054 1617 2444 1702 oblivione
2491 1616 2970 1727 posteritatis
3019 1616 3234 1701 velut
3300 1615 3379 1698 in
3428 1614 3780 1700 tenebris

1117 1775 1719 1880 delitescebant,
1786 1775 1912 1861 his
1978 1778 2475 1889 potissimum
2559 1778 3048 1889 temporibus
3124 1777 3204 1859 in
3271 1776 3533 1860 lucem
3600 1803 3778 1884 pro-

1117 1939 1377 2039 deant,
1444 1938 1730 2047 quibus
1796 1948 1874 2024 et
1939 1939 2295 2024 Ecclesia
2369 1939 2728 2023 maximis
2818 1938 3168 2049 agitatur
3233 1937 3627 2038 fluctibuS‚
3697 1944 3778 2023 et

1119 2103 1361 2207 egent
1416 2096 1820 2182 christiani
1886 2098 2164 2183 acriori
2209 2101 2307 2182 ad
2353 2098 2724 2185 virtutem
2780 2098 3324 2182 incitamento,
3401 2099 3577 2182 Hoc
3644 2126 3784 2181 no-

1118 2267 1280 2344 stro
1343 2268 1701 2346 vertente
1770 2263 2112 2364 saeculo,
2163 2293 2344 2348 cum
2409 2294 2453 2347 a
2517 2270 2906 2374 potestate
2961 2265 3469 2348 tenebrarum
3533 2267 3775 2346 teter-

1118 2421 1405 2506 rimum
1468 2422 1851 2508 indictum
1916 2425 2151 2509 fuerit
2193 2424 2495 2509 bellum
2560 2426 2935 2509 adversus
3005 2422 3432 2545 Dominum
3497 2428 3579 2505 et
3617 2422 3783 2504 ad-

1115 2612 1389 2669 versus
1456 2583 1859 2669 Christum
1924 2586 2134 2688 eius,
2214 2585 2616 2694 auspicato
2682 2584 3003 2694 quidem
3071 2591 3150 2668 et
3231 2582 3604 2667 divinitus
3669 2581 3788 2664 in-

1117 2744 1330 2829 venti
1386 2753 1571 2829 sunt
1636 2746 1835 2829 sacri
1884 2745 2189 2832 cineres
2257 2745 2508 2830 sancti
2572 2743 2976 2829 Francisci
3050 2743 3545 2846 AssisiensiS‚
3612 2773 3790 2827 san-

1118 2912 1289 2989 ctae
1358 2905 1631 2990 Clarae
1696 2906 2045 3017 Virginis
2112 2906 2536 3017 legiferae,
2606 2912 3056 2990 sanctorum
3113 2904 3509 2989 Ambrosii
3578 2906 3790 2990 Pon-

1117 3067 1348 3152 tificis
1414 3068 1803 3169 Doctoris‚
1852 3069 2210 3153 Gervasii
2276 3077 2354 3154 et
2399 3068 2740 3153 Protasii
2808 3074 3273 3187 martyrum,
3323 3066 3669 3177 Philippi
3713 3072 3792 3151 et

1113 3229 1377 3314 Iacobi
1444 3229 2025 3341 Apostolorum.
2088 3279 2201 3293 --
2277 3230 2587 3314 Horum
2653 3228 2733 3312 in
2802 3257 3237 3312 numerum
3309 3226 3791 3313 adsciscendi

1112 3400 1297 3477 sunt
1361 3399 1679 3477 sanctus
1745 3395 2087 3478 Iacossns
2188 3393 2452 3475 Mmoa
2541 3389 2968 3501 Apostolus
3048 3397 3127 3474 et
3191 3388 3554 3498 discipuli
3619 3388 3789 3474 eius

1114 3552 1591 3639 Athanasius
1658 3563 1737 3640 et
1802 3553 2672 3664 Tl100do1·us‚qu0ru1n
2737 3582 3063 3663 corpora
3107 3581 3358 3663 nuper
3422 3552 3504 3635 in
3581 3561 3783 3637 tem-

1112 3714 1241 3825 plo
1307 3716 1658 3826 principe
1727 3716 2064 3801 civitatis
2131 3716 2812 3826 Compostellanae
2880 3724 3193 3826 reperta
3260 3723 3471 3800 sunt.

1298 3879 1419 3961 Ex
1485 3877 1873 3963 constanti
1908 3886 1987 3962 et
2031 3878 2504 3989 pervulgato
2572 3881 2780 3987 apud
2825 3906 3008 3962 omn
3031 3907 3116 3962 es
3182 3905 3566 3981 sermone,
3633 3876 3788 3960 iam

1112 4039 1292 4127 inde
1358 4043 1455 4124 ab
1522 4040 2076 4152 Apostolorum
2142 4048 2426 4142 aetate,
2477 4041 2898 4126 memoriae
2967 4040 3382 4151 proditum
3448 4047 3594 4143 est,
3638 4068 3784 4150 pu-

1110 4201 1495 4313 blicisque
1543 4204 2070 4287 Decessorum
2112 4203 2580 4286 Nostrorum
2624 4201 2908 4286 litteris
2987 4202 3556 4302 confirmatum,
3604 4230 3783 4284 san-

1115 4365 1220 4448 cti
1286 4366 1550 4450 Iacobi
1619 4395 1925 4476 coerS‚
1992 4374 2409 4477 postquam
2475 4366 2606 4451 ille
2674 4368 2771 4450 ab
2819 4368 3045 4476 Rege
3113 4366 3431 4450 Herode
3499 4362 3774 4475 capitis

1112 4531 1526 4612 damnatus
1613 4527 2066 4635 martyrium
2152 4530 2489 4632 fecerat,
2559 4556 2603 4611 a
2667 4529 2975 4611 duobus
3061 4525 3469 4636 discipulis
3555 4524 3724 4610 eius
3758 4591 3776 4628 ,

1112 4687 1543 4775 Athanasio
1610 4698 1688 4774 et
1755 4687 2168 4774 Theodoro
2256 4688 2458 4773 clam
2522 4687 2763 4773 fuisse
2844 4689 3346 4771 subductum.
3422 4685 3530 4770 Hi
3598 4715 3783 4771 cum

1110 4848 1335 4933 valde
1401 4856 1849 4934 metuerent
1912 4848 2288 4958 reliquias
2353 4846 2604 4933 sancti
2691 4846 3047 4957 Apostoli
3121 4846 3386 4930 nullas
3454 4849 3781 4948 futuraS,

1112 5009 1176 5094 si
1242 5009 1516 5094 Iudaei
1600 5037 1922 5119 corpore
1998 5009 2478 5119 potirentur,
2550 5036 2644 5093 eo
2711 5008 2790 5091 in
2858 5007 3127 5091 navim
3196 5006 3559 5118 imposito
3624 5007 3781 5092 sol-

1110 5178 1391 5257 verunt
1458 5200 1555 5255 ex
1619 5172 1935 5270 Iudaea,
2025 5171 2309 5255 deinde
2393 5170 2685 5280 sospite
2769 5168 3373 5254 transmissione
3439 5168 3777 5280 attigere

1109 5331 1595 5442 Hispaniam,
1686 5361 2017 5441 eamque
2106 5332 2608 5416 circumvecti
2678 5335 2774 5416 ad
2843 5340 3239 5417 extremas
3325 5330 3772 5416 Gallaeciae
