4497 6714
3191 819 3340 901 179

822 1002 1224 1089 tinxerint.
1295 1007 1390 1088 In
1455 1033 1610 1116 quo
1677 1012 1990 1115 praeter
2054 1010 2374 1091 modum
2461 1008 2820 1092 luctuosa
2907 1011 3219 1092 fortuna
3289 1008 3479 1093 Oar-

829 1166 1234 1280 thaginis:
1300 1167 1506 1253 hanc
1574 1169 1861 1281 quippe
1928 1167 2376 1254 christianis
2442 1198 2597 1256 non
2662 1170 2922 1254 minus
3004 1198 3241 1281 quam
3306 1132 3479 1257 561-

818 1328 990 1414 licis
1056 1329 1575 1440 civilibusque
1640 1337 2173 1439 praestantem
2218 1330 2583 1414 laudibus
2629 1329 3130 1416 calamitosae
3174 1330 3476 1417 vicissi-

816 1489 1130 1575 tudines
1184 1489 1358 1575 ¹suis
1422 1490 1671 1602 ipsam
1735 1490 1983 1575 ruinis
2049 1519 2501 1601 oppressam
2567 1489 2917 1575 funditus
2982 1489 3469 1577 deleverunt.

816 1653 1123 1738 Harum
1188 1653 1564 1766 cogitatio
1628 1684 1893 1740 rerum
1959 1655 2145 1740 facit
2208 1662 2299 1740 ut
2363 1656 2549 1756 Nos,
2618 1652 2851 1740 officii
2953 1653 3220 1739 Nostri
3286 1682 3474 1767 apo-

812 1812 1070 1900 stolici
1134 1843 1547 1915 memoreS,
1616 1816 1713 1899 ad
1780 1816 2212 1900 maritimas
2280 1813 2590 1900 Africae
2658 1843 2833 1900 oras
2869 1880 2888 1917 ,
2958 1842 3159 1925 quae
3225 1843 3470 1927 prope

810 1982 996 2060 sunt
1058 1975 1139 2060 in
1207 1983 1634 2087 conspectu
1696 1976 2040 2087 positae,
2109 2005 2264 2062 non
2332 1976 2500 2061 sine
2564 1982 2894 2087 paterna
2955 1975 3250 2086 pietate
3315 1974 3470 2062 hoc

806 2144 1159 2246 tempore
1224 2136 1695 2222 intueamur.
1766 2135 2308 2247 Quoniamque
2374 2136 2731 2222 videmus
2798 2134 3277 2222 catholicum
3319 2164 3460 2222 no-

805 2328 987 2385 men
1053 2300 1242 2386 satis
1306 2301 1461 2386 iam
1527 2301 1607 2386 in
1671 2301 1806 2387 illo
1873 2309 2132 2387 tractu
2193 2301 2688 2402 reviviscere,
2755 2300 3117 2387 volumus
3181 2306 3271 2384 ut
3311 2300 3453 2385 bo·

802 2491 905 2547 na
969 2460 1103 2546 illa
1166 2491 1425 2575 seges,
1493 2493 1694 2575 quae
1760 2466 2045 2551 uberes
2108 2464 2529 2575 pollicetur
2592 2465 2937 2566 fructuS,
3007 2463 3316 2550 cultura
3379 2469 3461 2549 et

803 2622 1204 2710 curatione
1269 2624 1557 2709 Nostra
1621 2623 1937 2710 altiores
1964 2602 1971 2607 ’
2002 2622 2353 2735 quotidie
2419 2623 2721 2710 radices
2785 2630 3017 2736 agat,
3082 2625 3447 2734 beneque

802 2783 975 2869 Deo
1042 2784 1460 2870 adiuvante
1526 2784 1946 2873 adolescat.
2015 2785 2544 2890 Quamobrem
2612 2815 2790 2871 cum
2859 2788 2958 2870 ad
3026 2784 3142 2872 rei
3187 2813 3457 2869 sacrae

801 2943 1314 3031 stabilitatem
1379 2954 1616 3057 atquc
1682 2946 2037 3033 ordinem
2081 2946 2398 3032 omnino
2462 2946 2890 3057 plurimum
2931 2947 3244 3044 referat,
3292 2944 3453 3029 sin-

796 3105 1006 3216 gulis
1043 3104 1647 3193 christianorum
1693 3106 2201 3192 societatibus
2245 3135 2428 3193 suos
2474 3107 2780 3217 sibique
2824 3104 3178 3219 proprios
3222 3133 3452 3217 prae-

797 3295 969 3353 essc
1033 3267 1487 3379 EpiscopOS,
1555 3266 1910 3352 arbitrati
1977 3297 2273 3370 sumUS,
2340 3273 2692 3381 spectato
2760 3266 3163 3354 Ecclesiae
3240 3265 3451 3350 Afri-

728 3549 731 3552 *
796 3457 1037 3514 canae
1125 3436 1336 3515 statu
1371 3497 1389 3534 ,
1469 3428 1752 3516 Sedem
1841 3406 2613 3542 Archiepiscopalem
2710 3427 3448 3542 Carthaginiensem

791 3588 1126 3693 restitui,
1194 3589 1502 3676 sublata
1565 3589 2236 3678 administratione
2302 3589 2776 3702 Apostolica,
2843 3597 3227 3702 oportere.

978 3752 1147 3857 Qua
1210 3752 1290 3838 in
1355 3782 1440 3839 re
1504 3752 1700 3838 libet
1765 3753 2083 3864 quidem
2148 3752 2447 3864 aliquid
2513 3752 2994 3866 cogitatione
3076 3758 3440 3865 repetere

789 3918 888 4000 de
952 3915 1281 4026 pristino
1348 3915 1518 4002 eius
1581 3914 1985 4002 Ecclesiae
2053 3915 2492 4026 splendore,
2560 3921 2798 4025 atque
2865 3944 2912 3999 a
2975 3912 3443 4026 praeterita-

790 4105 967 4160 rum
1031 4105 1298 4163 rerum
1363 4074 1742 4162 memoria
1806 4075 2241 4187 auspicium
2311 4104 2591 4187 capere
2687 4077 3155 4160 futurarum.
3239 4075 3443 4163 Sane

789 4235 1228 4321 Ecclesiam
1292 4235 1738 4320 Africanam
1804 4263 1848 4321 e
1914 4237 2274 4321 Romana
2336 4242 2805 4347 prognatam
2869 4263 3043 4321 esse
3111 4241 3442 4334 constat,

790 4424 970 4481 cum
1035 4399 1132 4480 ab
1198 4397 1477 4481 ultima
1541 4394 2010 4506 antiquitate
2074 4395 2451 4480 traditum
2515 4394 2639 4497 sit,
2706 4393 3078 4479 siminus
3119 4395 3445 4481 beatum

788 4562 1136 4662 Petrum,
1205 4566 1417 4646 certe
1482 4559 1878 4670 proximos
1923 4558 2092 4644 eius
2135 4586 2629 4645 successores
2674 4557 3197 4670 Evangelium
3232 4557 3442 4642 Afris

784 4718 1164 4805 attulisse.
1233 4718 1469 4830 Apud
1533 4748 1730 4830 quos
1796 4716 2312 4805 christianum
2376 4749 2663 4807 nomen
2708 4728 3033 4833 apparet
3076 4719 3442 4807 celeriter

783 4880 1202 4967 adultum:
1268 4881 1517 4968 altero
1582 4880 1791 4967 enim
1857 4884 2206 4967 nondum
2273 4890 2549 4970 exacto
2615 4882 2954 4986 saeculo,
3021 4881 3435 4996 descriptis

781 5040 1068 5126 finibus
1131 5041 1673 5153 impositisque
1737 5041 1887 5128 rite
1952 5042 2386 5155 Episcopis,
2452 5045 2837 5157 plurimae
2900 5074 3042 5156 per
3084 5045 3434 5132 Africam

780 5200 1182 5287 Ecclesiae
1247 5203 1719 5288 constitutae
1783 5208 1991 5288 sunt.
2061 5205 2378 5315 Easque
2443 5205 2855 5318 disciplina
2918 5203 3274 5292 floruisse
3308 5206 3435 5293 vel

784 5392 880 5448 ex
946 5391 1039 5448 co
1108 5362 1387 5449 coniici
1451 5365 1661 5467 licet,
1730 5366 1942 5473 quod
2006 5372 2188 5451 anto
2235 5365 2534 5450 exitum
2572 5365 2868 5451 saeculi
2912 5365 3236 5451 secundi
3278 5368 3433 5454 Ec-
