4497 6714
2998 807 3153 881 219

633 982 934 1066 Epistola
988 1012 1013 1038 (ι
1076 984 1512 1047 Gratissinme
1586 986 1786 1048 Nobis
1840 1014 1870 1041 »
1923 986 2027 1049 die
2081 988 2160 1048 12
2208 985 2603 1050 Novembris
2661 986 2744 1049 ad
2792 986 3151 1070 Iosephum

811 1109 876 1175 S.
928 1108 1005 1172 E.
1056 1108 1131 1172 R.
1183 1108 1658 1193 Presbyterum
1707 1108 2131 1175 Cardinalcm
2180 1111 2347 1174 Neto
2398 1109 2848 1175 Patriarcliam
2899 1110 3144 1175 Lisbo-

809 1256 1077 1299 nensem
1126 1246 1191 1299 ct
1239 1233 1620 1300 Americum
1666 1234 1730 1299 S.
1764 1236 1843 1301 E.
1879 1236 1956 1300 R.
2007 1234 2484 1322 Presbyterum
2525 1234 2947 1303 Cardinalem
2981 1242 3144 1304 Fer-

813 1365 984 1427 reira
1007 1361 1126 1428 dos
1154 1364 1390 1429 Santos
1439 1361 1621 1426 Silva
1670 1361 2072 1448 Episcopum
2121 1362 2729 1447 Portugalliensem,
2764 1386 2842 1428 ac
2879 1364 3149 1429 Archie-

816 1493 1115 1574 piscopos
1163 1504 1228 1554 et
1272 1490 1640 1574 Episcopos
1688 1490 1967 1574 regionis
2016 1491 2396 1555 Lusitanae.
2437 1529 2506 1539 —
2549 1488 2979 1577 Obsequium,
3016 1511 3144 1577 quo

815 1615 1180 1700 Epistolam
1231 1614 1656 1700 Encyclicam
1691 1616 1879 1680 cuius
1914 1616 2170 1680 initium
2225 1645 2256 1673 ‹<
2297 1616 2678 1678 Humanum
2722 1640 2922 1703 [sentos
2955 1645 2983 1672 »
3023 1639 3145 1679 ex-

817 1752 1151 1827 ceperunt,
1202 1743 1374 1807 omni
1422 1743 1982 1808 commendatione
2048 1746 2484 1830 prosequitur.
2544 1782 2612 1792 —
2665 1744 2973 1827 Impense
3021 1742 3149 1807 illis

816 1867 1190 1950 gratulatur
1235 1889 1351 1951 pro
1401 1867 1793 1932 sacerdotali
1839 1871 2077 1950 animo,
2142 1892 2272 1955 quo
2335 1869 2728 1953 gravissima
2774 1866 3015 1931 damna
3062 1890 3148 1931 ex

814 1993 1176 2075 pernicioso
1224 1992 1607 2057 Massonum
1655 1993 1919 2059 foedere
1968 1996 2034 2059 in
2084 1994 2454 2059 Ecclesiam
2504 2002 2569 2057 et
2615 1993 2876 2056 civilem
2939 1994 3143 2056 socic-

814 2128 1014 2183 tatem
1063 2118 1465 2183 dimanantia
1512 2119 1873 2204 deplorant.
1938 2160 1999 2169 -
2055 2119 2324 2183 Gaudet
2372 2118 2547 2204 quod
2597 2121 2662 2182 in
2710 2127 2890 2181 tanto
2927 2126 3145 2181 certa-

816 2247 986 2310 mine
1033 2268 1260 2310 curam
1306 2245 1483 2309 illam
1554 2256 1788 2328 gerant
1854 2246 2097 2330 gloriae
2167 2246 2296 2310 Dei
2361 2255 2426 2309 et
2496 2243 2722 2308 salutis
2784 2243 3138 2322 hominurn,

816 2394 1015 2457 quam
1060 2371 1406 2458 pastoralis
1454 2373 1789 2436 ministerii
1840 2375 2154 2438 sanctitas
2204 2372 2555 2457 exposcit.
2654 2425 2663 2435 .
2764 2424 2774 2433 .
2871 2418 2884 2432 .
2981 2367 3143 2434 PAG.
3197 2366 3325 2433 190

641 2586 942 2670 Epistola
996 2618 1021 2642 «
1071 2586 1245 2660 Quas
1295 2588 1563 2659 litteras,
1605 2616 1636 2646 »
1691 2587 1795 2652 die
1844 2587 1928 2651 29
1993 2588 2382 2652 Novembris
2430 2586 2516 2650 ad
2566 2586 3153 2670 Archiepiscopum

818 2712 1319 2777 Bononiensem.
1372 2752 1452 2761 -—
1502 2713 1743 2797 Magno
1778 2713 1862 2779 Se
1910 2712 2148 2797 gaudio
2197 2712 2526 2796 significat
2574 2712 2923 2795 agnovisse
2971 2712 3155 2798 pium

819 2836 1127 2919 studium,
1178 2838 1355 2923 quod
1403 2838 1771 2902 animarum
1812 2847 2147 2902 curatores
2204 2837 2446 2924 aliique
2509 2847 2792 2902 rectores
2841 2838 3148 2903 ecclesia-

815 2985 959 3025 rum
1008 2962 1447 3045 contulerunt,
1484 2972 1556 3026 ut
1589 2964 1814 3027 fideles
1864 2964 2116 3028 Rosarii
2150 2963 2460 3047 precibus
2510 2973 2806 3027 sanctam
2838 2963 2967 3027 Dei
3013 2963 3154 3027 Ma·

816 3100 981 3153 trem
1028 3090 1319 3156 colerent
1367 3094 1640 3177 eiusque
1708 3092 2109 3176 praesidium
2173 3092 2295 3157 sili
2347 3101 2409 3155 et
2460 3090 2800 3155 Ecclesiae
2848 3090 3151 3176 implora-

814 3227 977 3282 rent.
1038 3255 1101 3264 -
1163 3217 1475 3283 Divinam
1523 3227 1713 3301 rogat
1753 3218 2186 3297 clementiam,
2238 3228 2312 3283 ut
2359 3240 2456 3299 ea,
2507 3237 2677 3303 quae
2718 3226 2988 3302 operata
3036 3227 3152 3295 cst,

817 3342 1177 3425 confirmet,
1227 3352 1582 3429 tantaeque
1630 3343 1893 3428 pietatis
1944 3344 2304 3429 specimina
2368 3365 2634 3408 suorum
2680 3342 3002 3410 donorum
3061 3345 3156 3408 in-

813 3470 1166 3534 crementis
1214 3478 1674 3534 remuneretur
1708 3479 1773 3535 et
1820 3469 2129 3535 cumulet.
2228 3523 2238 3534 .
2341 3522 2354 3534 .
2452 3523 2462 3533 .
2562 3519 2576 3533 .
2677 3524 2686 3532 .
2786 3520 2800 3534 .
2897 3519 2910 3533 .
3011 3520 3022 3532 .
3121 3495 3153 3526 »
3209 3468 3332 3532 192

636 3665 935 3750 Epistola
985 3695 1017 3725 ‹<
1046 3667 1300 3730 Libenti
1344 3667 1763 3750 benevoleque
1792 3696 1823 3725 »
1877 3666 1982 3731 die
2032 3667 2118 3730 30
2151 3667 2543 3731 Novembris
2592 3667 2676 3730 ad
2725 3666 3156 3730 Franciscum

814 3790 1209 3875 Gregorium
1272 3791 1494 3856 Billini
1557 3791 1941 3857 Praesidem
2007 3791 2437 3877 Reipublicae
2500 3792 3021 3857 Dominicianae.
3080 3829 3149 3839 —

814 3916 1284 4001 Peracceptam
1318 3916 1550 3980 habuit
1589 3916 1869 3981 devotae
1918 3939 2073 4001 erga
2106 3916 2555 4002 Apostolicam
2582 3915 2821 3981 Sedem
2854 3915 3152 3981 volunta-

816 4045 897 4108 tis
946 4044 1503 4126 significationem,
1540 4066 1711 4130 quae
1746 4044 1808 4107 in
1846 4041 2077 4108 litteris
2111 4043 2447 4107 Praesidis
2492 4042 2968 4105 Dominicanae
3015 4041 3159 4105 Rei-

816 4166 1118 4252 publicae
1181 4170 1549 4233 renun'ciati
1620 4169 1934 4233 enitebat.
2004 4205 2081 4215 --
2147 4167 2448 4232 Studium
2513 4165 2961 4247 commendat,
3029 4189 3159 4251 quo

814 4292 1200 4356 concordiae
1233 4291 1498 4356 vincula
1543 4294 1716 4356 inter
1749 4291 2202 4377 Apostolicam
2236 4290 2474 4355 Sedem
2522 4301 2587 4356 et
2635 4301 2865 4356 extera
2913 4291 3156 4374 guber-

818 4418 926 4480 nia
956 4419 1076 4480 rite
1112 4428 1459 4482 servantur
1492 4427 1556 4481 et
1582 4419 1646 4482 in
1675 4419 1813 4483 dies
1848 4418 2055 4502 magis
2082 4418 2572 4483 confirmantur.
2606 4456 2669 4464 —
2699 4417 2906 4482 Addit
2932 4418 3017 4484 Sc
3044 4417 3151 4480 fir-

816 4543 1006 4607 miter
1038 4543 1383 4626 confidere,
1435 4553 1524 4625 ut,
1561 4545 1626 4607 in
1675 4544 2138 4610 Dominiciana
2174 4543 2560 4629 Republica,
2598 4567 2676 4609 ea
2711 4545 2946 4618 omnia,
2983 4566 3155 4630 quae

819 4669 905 4732 ad
950 4669 1281 4752 religionis
1329 4668 1673 4755 civilisque
1722 4671 2053 4734 societatis
2089 4669 2435 4733 utilitatem
2484 4670 2834 4754 pertinent,
2871 4669 3158 4734 faustum

818 4795 1288 4858 incrementum
1337 4794 1603 4879 capiant
1667 4847 1679 4858 .
1782 4846 1794 4857 .
1894 4847 1905 4857 .
2004 4843 2017 4857 .
2118 4846 2129 4856 .
2227 4846 2238 4857 .
2339 4843 2353 4857 .
2453 4847 2462 4857 .
2570 4849 2581 4859 .
2681 4847 2693 4858 .
2793 4849 2805 4860 .
2903 4846 2916 4860 .
3017 4846 3030 4859 .
3130 4823 3162 4854 »
3215 4795 3342 4859 194

644 5007 941 5093 Epistola
990 5034 1021 5064 «
1060 5006 1310 5080 Quanto
1359 5008 1596 5072 Noster
1628 5036 1655 5063 »
1710 5008 1813 5071 die
1856 5009 1938 5070 12
1978 5008 2369 5073 Decembris
2415 5009 2501 5073 ad
2550 5011 3008 5076 Alexandrum
3065 5011 3166 5074 Pi-

824 5130 932 5195 dal
964 5130 1200 5216 yMon.
1224 5170 1303 5179 —
1327 5131 1430 5195 De
1463 5134 1616 5214 vita,
1640 5132 1938 5197 doctrina
1963 5132 2444 5219 multiplicique
2470 5137 2716 5200 virtute
2749 5137 2956 5200 sancti
2989 5135 3162 5200 Tho-

824 5276 968 5319 mae
1017 5254 1367 5341 Aquinatis
1415 5258 1958 5321 commentarium
2005 5257 2180 5321 laeto
2220 5269 2543 5345 gratoque
2592 5261 2806 5325 animo
2840 5260 2926 5324 Se
2977 5283 3164 5324 acce-

824 5379 997 5462 pisse
1046 5378 1291 5443 scribit.
1355 5418 1433 5425 —
1473 5379 1614 5443 Non
1664 5379 1924 5443 dubitat
1984 5381 2142 5465 quin
2213 5380 2400 5445 labor
2447 5382 2568 5445 istc
2617 5384 2936 5468 profuerit
2982 5385 3166 5448 item·
