4497 6714
1315 1124 1994 1257 LITTERAE
2082 1126 3027 1258 APOSTOLIOAE

1082 1616 1090 1623 ⁹
1195 1531 1296 1587 DE
1361 1532 1669 1591 EXUVIIS
1734 1536 1796 1591 S.
1864 1535 2238 1591 ALPHONSI
2302 1535 2592 1591 MARIAE
2657 1535 2758 1590 DE
2825 1533 3133 1591 LIGORIO

906 1689 1386 1749 IMMEDIATAE
1451 1694 1959 1752 APOSTOLICAE
2035 1696 2246 1752 SEDIS
2312 1694 2863 1754 IURISDICTIONI
2928 1695 3021 1753 Ac
3088 1693 3432 1752 TUTELAE

1899 1855 2433 1913 SUBIICIENDIS.

1721 2414 1982 2510 LEO
2052 2415 2252 2510 ΡΡ.
2323 2415 2608 2512 XIII.

1540 2843 1642 2899 AD
1708 2844 2073 2902 FUTURAM
2136 2846 2266 2901 REI
2329 2844 2760 2902 MEMORIAM.

827 3158 926 3305 P
925 3222 1194 3310 rovido
1282 3253 1469 3311 sane
1558 3226 1906 3330 consilio,
1973 3254 2387 3337 supremae
2453 3226 2968 3312 iurisdictioni
3034 3256 3223 3314 suae
3289 3255 3485 3313 non-

835 3387 1227 3473 nullorum
1318 3388 1971 3475 Beatissimorum
2057 3389 2450 3476 Coelitum
2539 3390 2859 3475 exuvias
2934 3388 3219 3475 Sancta
3281 3386 3489 3475 haec

834 3546 1289 3659 Apostolica
1353 3548 1596 3635 Sedes
1660 3547 2187 3635 subiiciendas
2255 3548 2583 3652 censuit,
2629 3577 2729 3635 ne
2776 3549 3018 3634 nimia
3083 3549 3490 3637 clientium

833 3737 1157 3795 suorum
1221 3708 1592 3795 aviditate
1657 3709 2108 3821 possidendi
2171 3709 2487 3794 illorum
2548 3709 2945 3820 reliquias,
3023 3717 3243 3795 tanta
3304 3709 3490 3796 reli-

836 3869 1095 3981 gionis
1190 3877 1701 3955 monumenta
1797 3871 2246 3956 deficerent.
2321 3872 2571 3979 quue
2653 3868 2913 3975 hodie,
3003 3871 3489 3982 suffragante

837 4030 1075 4116 etiam
1120 4030 1406 4116 dilecto
1443 4030 1646 4116 Filio
1692 4031 1979 4115 Nostro
2025 4029 2441 4116 Dominico
2485 4031 2719 4116 titulo
2765 4030 2840 4117 S.
2877 4031 3122 4117 Marci
3168 4031 3242 4118 S.
3270 4034 3362 4116 E.
3387 4035 3487 4117 R.

838 4193 1306 4299 Presbytero
1373 4189 1770 4275 Gardinali
1834 4190 2273 4275 Bartolinio
2342 4190 3001 4302 Congregationis
3066 4190 3321 4277 Sacris
3383 4190 3492 4275 ri-

838 4352 1050 4438 tibus
1114 4351 1428 4437 tuendis
1495 4351 2063 4461 cognoscendis
2126 4352 2564 4455 Praefect0‚
2633 4380 2873 4462 agere
2942 4351 3492 4437 constituimus

838 4540 1020 4597 cum
1086 4510 1386 4596 exuviis
1474 4509 1548 4596 S.
1619 4507 2003 4621 Alphonsi
2080 4510 2374 4607 Mariae
2441 4514 2539 4596 de
2629 4510 2976 4622 Ligorio,
3047 4511 3491 4598 Conditoris

836 4670 1170 4779 inclytae
1236 4670 1685 4757 Sodalitatis
1750 4670 2235 4757 Clericorum
2280 4673 2803 4783 Regularium
2866 4704 2912 4758 a
2968 4673 3098 4761 SS.
3145 4676 3491 4761 Redem-

836 4839 1085 4943 ptore‚
1154 4837 1235 4916 et
1298 4829 1374 4916 S.
1442 4829 1809 4942 Agathae
1876 4830 2323 4917 Gothorum
2397 4833 2789 4945 Episcopi.
2857 4836 2980 4918 Ex
3047 4863 3203 4945 quo
3279 4836 3490 4922 enim

840 4990 1173 5077 Sanctus
1235 4991 1409 5096 iste,
1458 4994 1557 5078 ob
1604 4991 1938 5103 insignis
1980 4992 2383 5080 doctrinae
2447 4993 2640 5078 Eius
2696 4995 3280 5106 praestantiam,
3337 4997 3493 5083 sol-

840 5151 1082 5237 lemni
1148 5150 1648 5262 Apostolicae
1715 5151 1938 5238 Sedis
2002 5155 2320 5239 decreto
2386 5153 2592 5240 inter
2655 5154 3059 5242 Ecclesiae
3134 5160 3495 5244 doctores

841 5310 1137 5396 relatus
1202 5318 1346 5415 est,
1391 5310 1817 5398 ferventior
1860 5341 2052 5423 erga
2092 5312 2585 5423 praeclarum
2650 5313 3025 5400 Sanctum
3067 5315 3494 5403 Doctorem
