4497 6714
1284 766 1387 843 30

1132 956 1652 1059 accurateque
1717 981 2123 1062 perpensa,
2190 953 2701 1063 inspectaque
2788 953 3136 1038 fidelium
3221 953 3501 1039 exinde
3566 952 3780 1037 utili-

1130 1111 1317 1210 tate,
1386 1109 1907 1220 supplicatum
1976 1119 2095 1196 est
2161 1112 2431 1215 Nobis,
2497 1118 2586 1195 ut
2653 1114 3247 1197 Montanensem
3302 1111 3782 1196 Vicariatum

1134 1266 1675 1377 Apostolicum
1753 1270 1833 1353 in
1898 1270 2323 1355 dioecesim
2391 1272 2697 1382 erigere
2765 1271 3230 1357 auctoritate
3294 1274 3581 1356 Nostra
3645 1300 3780 1357 ve-

1135 1425 1402 1511 limus,
1496 1430 1658 1515 Nos
1739 1433 1836 1514 de
1922 1431 2266 1517 universi
2345 1433 2711 1516 dominici
2794 1432 3064 1543 gregis
3149 1435 3356 1518 bono
3467 1430 3779 1516 solliciti

1133 1585 1584 1675 huiusmodi
1652 1599 2088 1677 annuentes
2132 1593 2855 1704 supplicationibus,
2901 1592 3377 1678 Vicariatum
3443 1591 3780 1702 Aposto-

1129 1748 1371 1833 licum
1403 1753 2025 1857 Montanensem,
2084 1753 2163 1838 in
2209 1755 2630 1840 foederatis
2677 1753 3086 1839 Americac
3135 1752 3780 1863 Septentrionalis

1133 1909 1561 1997 ditionibus
1606 1915 1973 2024 positum,
2021 1916 2472 2027 Apostolica
2536 1916 3002 2001 auctoritate
3048 1916 3358 2018 Nostra,
3437 1915 3518 1998 in
3564 1914 3779 1999 dioe-

1136 2071 1378 2155 cesim
1444 2074 1828 2185 erigimus
1914 2084 2151 2186 atque
2217 2076 2725 2179 instituimus,
2794 2104 3198 2184 novaeque
3264 2074 3501 2158 huius
3565 2074 3781 2159 dioe-

1133 2231 1333 2316 cesis
1397 2234 1940 2346 Episcopalem
2011 2239 2279 2322 sedem
2345 2237 2425 2321 in
2493 2237 2831 2342 civitate,
2891 2218 3015 2321 cui
3089 2273 3132 2314 «
3173 2236 3482 2323 Helena
3524 2272 3566 2312 »
3639 2263 3780 2320 no-

1128 2422 1333 2496 men,
1403 2396 1907 2480 constitutam
1973 2366 2334 2483 volumus
2387 2366 2466 2483 et
2509 2401 2606 2482 ab
2654 2401 2929 2484 eadem
2995 2402 3180 2484 sede
3246 2399 3779 2483 Helenensem

1128 2553 1550 2640 dioecesim
1614 2556 1768 2641 dici
1833 2557 2219 2643 iubemus,
2290 2557 2782 2645 Cathedralis
2851 2567 3117 2644 autem
3193 2559 3548 2644 Ecclesia
3613 2560 3779 2644 He-

1126 2714 1470 2800 lenensis
1534 2717 1938 2820 dioecesiS,
1985 2720 2234 2803 donec
2300 2719 2528 2804 aliter
2592 2719 3115 2831 provideatur,
3182 2720 3376 2804 inita
3441 2748 3779 2804 conven-

1129 2875 1340 2962 tione
1408 2906 1588 2961 cum
1654 2879 2052 2963 sodalibus
2118 2879 2518 2964 societatis
2586 2880 2792 2983 lesa,
2851 2878 3000 2963 erit
3044 2878 3427 2990 templum
3490 2878 3572 2962 in
3636 2876 3779 2962 ho-

1127 3065 1400 3123 norem
1447 3038 2164 3125 Sacratissimorum
2210 3040 2581 3125 Cordium
2637 3040 3006 3124 dicatum.
3055 3042 3396 3125 Eosdem
3441 3041 3780 3150 denique

1128 3230 1218 3285 ac
1281 3200 1658 3311 praedicti
1725 3200 2161 3287 Vicariatus
2224 3201 2655 3312 Apostolici
2743 3210 2823 3286 ct
2915 3200 3162 3285 civilis
3225 3201 3781 3287 iurisdictionis

1127 3360 1315 3446 huic
1378 3362 1811 3448 Helenensi
1897 3363 2237 3449 dioecesi
2319 3363 2871 3448 constituimus
2935 3364 3152 3466 fineS,
3229 3362 3618 3467 videlicet,
3684 3367 3783 3448 ad

1127 3523 1765 3632 septentrionem,
1831 3528 2166 3635 gradum
2232 3525 2930 3636 quadragesimum
2996 3553 3288 3610 nonum
3347 3525 3781 3610 latitudinis

1126 3682 1799 3794 septentrionaliS,
1836 3713 1992 3794 quo
2037 3687 2484 3771 foederatae
2535 3684 2870 3770 ditiones
2914 3685 3367 3770 dividuntur
3422 3715 3468 3769 a
3519 3685 3780 3796 regio-

1127 3874 1229 3930 ne
1297 3847 1775 3951 Oanadensi3
1845 3850 1941 3931 ad
2006 3847 2432 3950 Orientem,
2480 3849 2814 3958 gradum
2853 3846 3375 3958 longitudinis
3420 3847 3781 3932 occiden-

1124 4004 1301 4089 talis
1364 4006 1840 4116 vigesimum
1904 4007 2331 4118 septimum
2375 4038 2420 4091 a
2455 4006 2893 4092 meridiano
2953 4006 3288 4092 civitatis
3355 4006 3782 4118 Washing-

1126 4171 1264 4248 ton
1360 4168 1971 4277 computandum
2008 4231 2026 4267 ,
2120 4196 2274 4276 quo
2382 4167 2756 4251 Montana
2854 4196 2899 4249 a
2980 4165 3373 4251 territorio
3476 4167 3785 4251 Dakota

1128 4326 1611 4438 seiungitur3
1676 4331 1773 4412 ad
1817 4328 2252 4433 meridiem,
2299 4325 2372 4411 Ιο
2417 4330 2749 4438 gradum
2807 4326 3247 4411 latitudinis
3314 4326 3782 4438 septentrio-

1126 4488 1324 4573 nalis
1391 4489 2079 4600 quadragesimum
2149 4489 2511 4599 quintum
2575 4520 2620 4573 a
2684 4496 3002 4598 punctO,
3091 4516 3246 4597 quo
3317 4517 3500 4573 eum
3564 4494 3780 4572 secat

1126 4648 1384 4733 dictus
1428 4651 1719 4759 gradus
1762 4649 2281 4760 longitudinis
2324 4648 2757 4760 vigesimus
2802 4647 3208 4758 septimus,
3255 4651 3355 4732 ad
3397 4656 3779 4758 punctum

1127 4807 1209 4890 in
1275 4835 1430 4916 quo
1495 4816 1808 4893 secatur
1871 4839 1916 4892 a
1979 4811 2235 4919 gradu
2289 4807 2698 4919 trigesimo
2746 4815 3025 4917 quarto
3091 4807 3602 4919 longitudinis
3647 4835 3778 4891 oc-

1130 4967 1563 5074 cidentalis3
1610 4966 1724 5053 IIo
1769 4973 2134 5055 eumdem
2180 4971 2515 5080 gradum
2558 4967 3034 5079 vigesimum
3102 4977 3469 5077 quartum
3513 4970 3609 5051 ab
3657 4968 3777 5051 ul-

1127 5110 1320 5212 timo
1365 5137 1654 5239 puncto
1689 5128 2269 5214 intersectionis
2342 5137 2801 5239 vergentem
2867 5131 2966 5212 ad
3009 5127 3417 5213 meridiem
3482 5129 3776 5238 quoad-

1130 5316 1382 5399 usque
1448 5289 1704 5402 tangit
1748 5317 2124 5374 cacumen
2161 5289 2553 5374 montium
2631 5316 3083 5373 saxosorum
3131 5289 3431 5400 (Rocky
3495 5290 3774 5373 Moun-
