4497 6714
1210 792 1359 872 152

1527 1138 2211 1269 LITTERAE
2298 1136 3236 1269 APOSTOLIOAE

1469 1544 1569 1599 DE
1636 1542 2016 1601 CANONICA
2081 1542 2512 1600 ERECTIONE
2579 1542 2869 1599 URBANI
2935 1541 3291 1598 COLLEGII

1055 1704 1389 1762 ALUMNIS
1454 1703 2071 1760 FOEDERATARUM
2134 1702 2548 1760 CIVITATUM
2594 1702 2979 1758 AMERICAE
3026 1701 3712 1759 SEPTENTRIONALIS

1867 1864 1967 1920 AD
2032 1864 2272 1921 SACRA
2335 1864 2890 1921 INSTITUENDIS.

1873 2384 2132 2482 LEO
2202 2385 2918 2484 EPISOOPUS

1576 2625 2108 2693 SERVUS
2168 2627 2916 2694 SERVORUM
2973 2627 3207 2693 DEI

1730 2836 1831 2891 AD
1897 2835 2356 2893 PERPETUAM
2423 2836 2551 2891 REI
2615 2836 3046 2893 MEMORIAM.

1069 3175 1255 3304 Ubi
1298 3219 1637 3331 primum
1681 3217 2106 3303 latissimae
2140 3216 2553 3303 Americae
2589 3215 3233 3327 Septentrionalis
3266 3219 3550 3331 plagae
3585 3223 3723 3306 de-

1070 3382 1328 3468 ductis
1393 3410 1490 3468 ex
1554 3383 1872 3492 Europa
1938 3380 2265 3465 coloniis
2329 3380 2773 3491 frequentia
2815 3381 3285 3493 populorum
3345 3384 3722 3470 celebrari

1072 3548 1523 3656 coeperunt,
1570 3542 1907 3627 Romani
1952 3541 2378 3626 Pontifices
2412 3543 3070 3628 Praedecessores
3116 3544 3383 3629 Nostri
3417 3549 3514 3630 ad
3549 3574 3721 3631 eam

1071 3704 1479 3816 regionem
1544 3703 1812 3789 oculos
1879 3708 2449 3806 convertentes.
2516 3701 2597 3785 in
2664 3732 2819 3812 qua
2882 3706 3115 3788 modo
3178 3704 3725 3790 florentissima

1072 3893 1170 3949 ex
1233 3863 1651 3950 foederatis
1715 3863 2050 3949 statibus
2135 3862 2618 3972 Respublica
2704 3864 3129 3950 constituta
3214 3873 3372 3969 est,
3454 3894 3725 3953 omncs

1073 4024 1639 4111 sollicitudines
1704 4031 1785 4111 et
1849 4023 2108 4108 studia
2172 4053 2315 4108 sua
2381 4022 2462 4107 in
2527 4023 2606 4106 id
2691 4024 3118 4128 contulere,
3186 4032 3275 4110 ut
3341 4026 3729 4113 catholica

1073 4187 1291 4289 fides,
1359 4213 1719 4296 quaeque
1768 4212 1865 4269 ex
1912 4211 2004 4268 ea
2048 4182 2450 4268 dimanant
2485 4182 2566 4267 in
2614 4182 2967 4268 civitates
3030 4185 3259 4288 bona,
3305 4214 3462 4271 non
3495 4190 3726 4276 modo

1075 4345 1280 4431 inter
1343 4343 1909 4430 Christifideles
1973 4350 2384 4429 manerent
2447 4344 2932 4455 incorrupta,
3018 4350 3155 4432 sed
3221 4347 3459 4473 etiam
3523 4349 3729 4435 inter

1074 4512 1358 4620 gentes
1421 4505 1584 4592 sive
1647 4507 2020 4589 barbaras
2084 4503 2250 4589 sive
2317 4532 2414 4589 ex
2478 4504 2804 4590 diversis
2869 4506 3080 4591 orbis
3142 4508 3496 4617 partibus
3543 4508 3729 4594 illuc

1079 4665 1646 4777 immigranteS‚
1715 4663 2070 4775 quamvis
2134 4663 2440 4775 origine
2468 4728 2487 4767 ‚
2542 4663 2839 4774 lingua,
2906 4666 3279 4771 moribuS,
3345 4669 3729 4780 religione

1080 4827 1415 4933 dissitas,
1481 4828 2064 4915 inducerentur.
2111 4876 2231 4890 —
2276 4826 2401 4910 Ad
2463 4824 2610 4911 hos
2689 4827 3070 4914 salutares
3152 4830 3454 4914 fructus
3518 4859 3730 4916 asse-

1083 4991 1434 5099 quendos
1498 4989 1834 5076 maxime
1913 4988 2360 5093 valuerunt,
2441 4996 2609 5073 tum
2696 4989 3038 5075 virorum
3125 4992 3732 5102 apostolicorum

1082 5150 1434 5235 delectus
1500 5178 1696 5259 quos
1760 5148 2108 5257 undique
2175 5147 2655 5258 conquisitos
2720 5148 2799 5232 in
2868 5179 3000 5235 eas
3055 5151 3495 5261 provincias
3549 5152 3732 5238 mit-

1080 5316 1249 5394 tere
1293 5338 1693 5418 nunquam
1761 5309 2257 5411 destiterunt,
2324 5317 2494 5392 tum
2560 5311 2878 5396 sedulae
2935 5311 3451 5423 assiduaeque
3499 5342 3730 5399 curae
