4497 6714
1197 809 1300 887 86

1048 1001 1191 1083 sub
1260 1029 1533 1085 eorum
1598 1000 1965 1111 auspiciis
2029 998 2233 1103 iniri,
2304 1008 2383 1085 et
2450 1028 2650 1110 quae
2718 1005 2889 1082 tum
2951 997 3139 1083 huic
3202 1003 3371 1081 tum
3434 996 3694 1109 publi-

1046 1188 1183 1245 cae
1249 1160 1570 1246 utilitati
1634 1160 1891 1271 magis
1957 1163 2369 1246 conferunt
2405 1226 2423 1262 ,
2492 1159 2733 1245 statui
2796 1165 3139 1271 possent.
3218 1207 3338 1221 —
3415 1158 3694 1268 Neque

1043 1324 1182 1406 abs
1246 1351 1332 1407 re
1398 1331 1607 1409 esset
1671 1323 1780 1426 si,
1849 1323 1984 1434 qui
2051 1323 2197 1408 sibi
2263 1322 2743 1435 provinciam
2809 1324 3437 1433 depoposcerunt
3501 1318 3696 1405 assi-

1043 1482 1218 1565 duis
1284 1484 1593 1594 scriptis
1659 1491 1738 1568 et
1802 1484 2478 1568 lucubrationibus
2544 1483 3014 1568 defendendi
3081 1481 3231 1567 Dei
3296 1489 3377 1567 et
3419 1481 3695 1567 Eccle-

1043 1644 1204 1731 siae
1273 1645 1465 1750 iura,
1534 1653 1613 1731 et
1678 1646 2077 1731 recidendi
2143 1674 2386 1731 novos
2451 1644 2587 1755 qui
2654 1644 2733 1728 in
2799 1643 2967 1728 dies
3011 1642 3523 1728 subolescunt
3571 1670 3695 1726 er-

1044 1835 1261 1892 rores
1325 1814 1405 1892 et
1471 1806 2028 1907 cavillationeS,
2096 1804 2391 1893 sociato
2458 1806 2802 1916 agmine,
2863 1803 3273 1915 Episcopis
3338 1803 3695 1908 ducibUS,

1047 1966 1532 2054 dimicarent.
1603 1967 1817 2053 Fieri
1883 1968 2092 2053 enim
2158 1996 2316 2053 non
2381 1974 2666 2077 potest,
2735 1966 2949 2075 quin,
3018 1964 3084 2049 si
3149 1964 3354 2051 vires
3400 1993 3694 2068 omneS,

1047 2159 1248 2241 quae
1314 2131 1618 2217 vividae
1685 2130 1944 2215 adhuc
1981 2197 1999 2220 .
2067 2131 2239 2217 Deo
2306 2130 2787 2241 opitulante,
2857 2128 2937 2212 in
3005 2126 3362 2213 Ecclesia
3425 2127 3699 2238 vigent

1045 2291 1491 2402 valentque,
1559 2291 1639 2375 in
1704 2292 1912 2376 idem
1981 2291 2542 2391 consenserint,
2610 2287 2987 2375 uberrimi
3052 2290 3495 2373 referantur
3536 2288 3698 2371 fru-

1050 2460 1223 2537 ctus
1272 2437 1386 2536 ad
1448 2451 1911 2539 hodiernam
1973 2450 2386 2538 hominum
2472 2451 2930 2536 societatem
3014 2452 3110 2533 ab
3191 2449 3487 2535 exitiali
3552 2449 3700 2533 ini-

1049 2643 1383 2724 quarum
1447 2624 1838 2701 sectarum
1906 2615 2374 2726 contagione
2439 2614 3036 2716 vindicandam,
3106 2620 3186 2699 et
3251 2614 3331 2697 in
3408 2613 3699 2700 Christi

1053 2775 1499 2863 libertatem
1565 2779 2088 2863 asserendam.

1247 2932 1422 3019 11.ο
1489 2935 1702 3040 Quae
1768 2935 2156 3021 hactenus
2219 2935 2621 3046 proposita
2687 2943 2923 3037 sunt,
2990 2934 3205 3019 haud
3293 2936 3402 3019 ita
3474 2937 3699 3021 facile

1051 3101 1403 3204 optatum
1472 3097 1707 3181 finem
1773 3104 2318 3206 assequentur,
2386 3096 2537 3179 nisi
2601 3096 2806 3181 vires
2850 3094 3243 3200 uniantur,
3302 3128 3392 3181 ae
3437 3100 3700 3209 proin-

1051 3256 1147 3338 de
1213 3253 1381 3339 nisi‘
1428 3255 2021 3369 Archiepiscopi
2087 3287 2268 3342 cum
2333 3257 2493 3342 suis
2581 3257 3115 3369 Suffraganeis
3198 3289 3354 3343 una
3421 3288 3701 3345 consu-

1049 3417 1343 3503 luerint
1409 3426 1490 3505 et
1554 3420 1999 3522 statuerint,
2068 3420 2257 3529 quid
2321 3422 2527 3505 facto
2596 3450 2791 3531 opus
2856 3420 2980 3524 sit,
3028 3429 3117 3506 ut
3164 3421 3523 3533 Supremi
3559 3425 3704 3507 Pa-

1049 3578 1279 3663 storis
1344 3578 1752 3665 desideriis
1817 3580 2419 3664 obsecundetur.
2489 3579 2787 3684 CuiuS,
2855 3581 3061 3666 sicut
3126 3589 3207 3667 et
3274 3559 3700 3695 Supremae

1049 3734 1380 3823 huiusce
1448 3737 2109 3850 Congregationis
2174 3739 2257 3823 in
2343 3740 2543 3825 votis
2631 3747 2805 3843 est,
2873 3747 2962 3825 ut
3048 3770 3320 3827 eorum
3408 3744 3701 3855 singuli

1050 3900 1517 4010 quantocius
1581 3900 2062 4012 renuntient,
2129 3908 2208 3986 et
2248 3900 2787 4011 imposterum,
2849 3902 3155 4009 quoties
3223 3909 3515 3987 statum
3562 3905 3700 3990 de-

1048 4060 1394 4148 scribent
1459 4060 1948 4162 dioeceseon,
2016 4062 2309 4145 refcrre
2376 4089 2474 4145 ne
2539 4060 3192 4172 praetermittant,
3261 4061 3451 4171 quid
3487 4063 3700 4173 quis-

1052 4246 1205 4327 que
1269 4220 1394 4305 vel
1460 4218 1922 4330 singillatim
1986 4218 2113 4305 vel
2176 4249 2335 4302 una
2401 4248 2578 4304 cum
2647 4218 2809 4303 suis
2874 4218 2954 4301 in
3019 4194 3494 4332 Episcopatu
3542 4223 3700 4308 col-

1048 4379 1252 4490 legis
1319 4379 1654 4490 egerint,
1724 4387 1804 4464 et
1871 4408 2106 4489 quem
2143 4379 2442 4465 exitum
2478 4409 2750 4466 eorum
2785 4380 3044 4465 studia
3077 4382 3352 4467 sortita
3384 4385 3697 4471 fuerint.

1275 4540 1575 4625 Datum
1668 4541 1970 4624 Romae
2069 4568 2166 4625 ex
2254 4538 2738 4625 Cancellaria
2834 4540 2908 4628 S.
3011 4540 3263 4626 Officii
3360 4543 3487 4630 die
3593 4545 3702 4630 10

1050 4698 1240 4783 Maii
1314 4698 1575 4787 1884.

2199 5022 2708 5107 RAPHAEL
2776 5023 3016 5109 OARD.
3087 5025 3517 5112 MONAOO
