4497 6714
1260 781 1363 858 80

1108 964 1393 1050 clesiae
1462 968 1876 1052 Pastorum
1921 998 2180 1080 opera,
2231 970 2579 1071 consilia,
2619 969 2927 1054 labores
2964 967 3312 1050 unanimi
3358 968 3536 1051 nisu
3581 995 3765 1051 con-

1110 1096 1497 1229 ferantur,
1563 1128 1963 1214 mandavit
2024 1127 2244 1255 huic·
2280 1130 2706 1240 Supremae
2774 1128 3396 1240 Congregationi
3462 1129 3538 1215 S.
3605 1130 3767 1215 Ro-

1109 1314 1386 1371 manae
1454 1292 1534 1373 et
1597 1286 2085 1375 Universalis
2150 1288 2717 1398 InquisitioniS,
2786 1296 2875 1373 ut
2941 1316 3141 1398 quae
3207 1290 3516 1399 agenda
3579 1287 3768 1399 ipsis

1109 1446 1568 1532 Pastoribus
1663 1443 2161 1558 potissimum
2240 1456 2550 1553 essent,
2617 1456 2799 1559 apto
2884 1448 3182 1534 eisdem
3265 1454 3759 1560 proponeret.

1109 1605 1409 1711 Quibus
1475 1607 1778 1695 Summi
1843 1609 2248 1695 Pontificis
2314 1594 2727 1695 mandatis*
2771 1609 2888 1694 uti
2933 1639 3074 1720 par
3118 1615 3239 1695 est
3283 1606 3763 1694 Eminentis-

1110 1766 1287 1852 simi
1351 1770 1630 1855 Patres
1674 1799 1834 1855 una
1874 1798 2189 1856 mecum
2232 1738 2753 1880 Inquisitores
2800 1770 3232 1856 Generales
3274 1796 3575 1855 morem
3618 1797 3762 1880 ge-

1107 1933 1396 2032 renteS,
1464 1928 1827 2014 omnibus
1869 1929 2282 2040 Episcopis
2329 1930 2661 2040 aliisque
2707 1930 3060 2015 locorum
3096 1929 3523 2015 Ordinariis
3555 1927 3763 2014 hanc

1108 2090 1718 2176 Instructionem
1783 2093 2117 2175 dandam
2187 2120 2360 2178 esse
2428 2099 2929 2178 censuerunt.

1307 2247 1420 2335 1.⁰
1483 2252 1876 2363 Imprimis
1941 2260 2362 2365 peroptans
2430 2253 3088 2340 clementissimus
3164 2253 3533 2338 Pontifex
3596 2252 3763 2337 ani-

1110 2436 1417 2492 marum
1481 2408 1717 2493 saluti
1778 2409 2251 2520 prospicere,
2319 2408 2657 2520 vestigia
2720 2417 3102 2519 sequutus
3159 2408 3580 2497 Salvatoris
3624 2436 3765 2494 no-

1118 2569 1261 2654 stri
1324 2571 1511 2656 IEsU
1580 2570 1896 2655 CHRISTI
1932 2636 1951 2673 ,
2020 2570 2156 2680 qui
2220 2598 2377 2655 non
2442 2571 2660 2656 venit
2721 2598 3002 2656 vocare
3068 2570 3315 2656 iustos
3380 2573 3521 2656 sed
3583 2598 3767 2680 pec-

1110 2738 1414 2817 catores
1480 2732 1579 2814 ad
1672 2730 2238 2842 poenitentiam
2275 2796 2294 2833 ,
2359 2736 2688 2842 paterna
2751 2758 2943 2848 voce
3022 2758 3157 2816 eos
3245 2758 3540 2833 omneS,
3630 2728 3764 2838 qui

1108 2891 1594 2977 Massonicae
1659 2891 1990 3001 aliisque
2077 2893 2465 2977 damnatis
2548 2877 2785 2978 sectis
2872 2920 3158 2978 nomen
3209 2893 3529 2978 dedere
3565 2957 3584 2994 ,
3668 2894 3768 2975 ad

1109 3052 1634 3162 detergendas
1718 3051 2026 3138 animae
2110 3055 2378 3138 sordes
2462 3060 2543 3138 et
2622 3056 2718 3137 ad
2801 3052 3108 3138 divinae
3185 3050 3766 3137 misericordiae

1108 3212 1369 3296 sinum
1433 3213 2301 3324 peramanter-invitat.
2370 3215 2466 3297 In
2529 3213 2743 3299 hunc
2788 3216 3026 3300 finem
3071 3216 3348 3299 eadem
3391 3243 3583 3298 usus
3625 3215 3766 3299 bc-

1110 3376 1524 3489 nignitate,
1593 3408 1749 3489 qua
1813 3379 1982 3465 eius
2047 3379 2439 3465 Decessor
2503 3381 2667 3466 Leo
2734 3382 2918 3483 XII,
2964 3382 3062 3464 ad
3126 3379 3528 3491 integrum
3584 3379 3769 3463 anni

1109 3538 1451 3651 spatium
1515 3548 1693 3650 post
1757 3540 1906 3625 rite
1970 3540 2338 3651 vulgatas
2423 3570 2658 3653 supra
2734 3548 3205 3627 memoratas
3278 3539 3768 3652 Apostolicas

1110 3699 1451 3786 Litteras
1517 3700 1598 3784 in
1663 3730 2136 3811 unaquaque
2202 3700 2571 3803 dioecesi,
2637 3702 3046 3813 suspendit
3109 3709 3281 3788 tum
3348 3701 3767 3813 obligatio-

1108 3890 1291 3947 nem
1355 3860 1880 3946 denunciandi
1946 3864 2376 3948 earundem
2440 3869 2832 3947 sectarum
2898 3862 3248 3948 occultos
3294 3861 3770 3973 coryphaeos

1111 4030 1192 4109 ct
1256 4027 1522 4126 duceS,
1589 4030 1761 4109 tum
1827 4024 2065 4110 etiam
2130 4026 2746 4113 reservationem
2814 4054 3356 4128 censurarum,
3422 4025 3769 4137 peculia-

1107 4214 1278 4271 rem
1343 4185 1801 4270 facultatem
1868 4189 2369 4273 concedendo
2437 4186 2799 4272 omnibus
2884 4186 3376 4272 confessariis
3462 4187 3560 4269 ab
3626 4185 3769 4306 Or-

1109 4344 1433 4431 dinariis
1495 4346 1848 4432 locorum
1913 4345 2387 4457 adprobatiS,
2454 4353 2545 4432 ut
2609 4375 2744 4433 eos
2810 4346 2947 4457 qui
3007 4375 3193 4434 vere
3268 4346 3769 4457 resipuerint,

1111 4515 1193 4594 ct
1257 4515 1512 4594 sectas
1576 4508 2069 4593 deseruerint
2104 4573 2123 4599 ,
2191 4508 2289 4590 ab
2357 4506 2636 4593 iisdem
2727 4506 3076 4593 censuris
3155 4506 3561 4592 absolvere
3588 4571 3607 4608 ,
3691 4513 3773 4591 et

1109 4668 1514 4755 Ecclesiae
1602 4668 2112 4755 reconciliare
2177 4667 2520 4754 valeant.
2597 4718 2712 4730 —
2779 4667 2954 4752 Erit
3037 4665 3285 4778 igitur
3371 4693 3771 4752 sacrorum

1109 4828 1577 4913 Praesulum
1640 4826 1847 4912 hanc
1912 4826 2318 4914 Pontificis
2384 4826 2707 4911 Maximi
2770 4825 3346 4937 benignitatem
3410 4826 3773 4912 fidelibus

1111 5018 1299 5075 suae
1364 4988 1548 5075 fidei
1614 4988 2083 5075 concreditis
2149 4988 2538 5075 nuntiare.
2607 4989 2999 5073 Facerent
3063 4994 3329 5072 autem
3393 5015 3565 5072 rem
3628 5017 3771 5098 pa-

1111 5149 1380 5237 storali
1444 5181 1587 5235 sua
1651 5149 2071 5236 sedulitate
2137 5149 2484 5260 dignam,
2551 5149 2615 5234 si
2661 5147 2815 5234 hoc
2858 5154 3218 5234 vertente
3265 5177 3495 5251 anno,
3534 5176 3772 5258 quem

1113 5312 1577 5398 clementiae
1644 5310 2024 5423 peculiari
2091 5312 2323 5396 modo
2389 5309 2789 5394 addictum
2855 5308 3024 5393 vult
3087 5307 3480 5410 Pontifex,
3528 5307 3771 5394 sacris
