4497 6714
3201 842 3349 920 133

1843 1185 2510 1317 EPISTOLA

1563 1558 1936 1616 DILECTAE
2001 1559 2084 1614 IN
2149 1558 2466 1616 CHRISTO
2533 1558 2785 1614 FILIAE

1160 1718 1524 1777 ADELAIDI
1589 1720 1847 1776 LEHON
1911 1722 2262 1777 PRAESIDI
2315 1720 2744 1778 SOCIETATIS
2808 1719 3195 1776 VIRGINUM

1699 1881 1746 1936 A
1812 1882 2046 1939 SACRO
2114 1882 2363 1940 CORDE
2429 1883 2628 1939 IESU.

2605 2040 2942 2097 PARISIOS

1734 2528 1994 2625 LEO
2060 2528 2257 2622 ΡΡ.
2331 2527 2612 2623 XIII.

1617 2905 1943 2962 DILECTA
2006 2906 2089 2960 IN
2155 2904 2469 2962 CHRISTO
2536 2905 2738 2960 FILIA

1273 3065 1621 3123 SALUTEM
1684 3066 1779 3121 ET
1843 3064 2362 3122 APOSTOLICAM
2429 3066 3076 3124 BENEDICTIONEM.

851 3385 1231 3535 Litterae
1297 3448 2031 3535 observantissimae
2081 3480 2143 3534 a
2208 3451 2320 3535 Te
2385 3449 2511 3535 die
2579 3450 2689 3533 31
2764 3448 3007 3559 elapsi
3050 3448 3233 3533 Iulii
3276 3450 3505 3533 datae

857 3607 1172 3694 nomine
1236 3615 1373 3693 tuo
1441 3615 1521 3693 et
1584 3607 1970 3693 sodalium
2036 3637 2079 3694 e
2143 3637 2511 3720 supremo
2577 3608 2803 3693 istius
2858 3608 3256 3694 societatis
3302 3609 3508 3694 Con-

855 3769 1031 3855 silio
1090 3755 1260 3854 ‘Nos
1325 3771 1762 3855 docuerunt
1826 3771 1924 3855 de
2002 3769 2131 3879 pia
2206 3767 2681 3853 liberalitate
2759 3774 3045 3872 vestra,
3113 3797 3268 3878 qua
3330 3771 3509 3853 fun-

854 3933 1095 4033 dum,
1193 3929 1329 4039 qui
1393 3928 1475 4012 in
1541 3928 1857 4014 civitate
1921 3928 2617 4015 Neo-Eboraeensi
2713 3932 2813 4014 ad
2892 3957 3032 4015 vos
3109 3929 3507 4041 pertinet,

853 4090 1099 4177 Nobis
1163 4094 1368 4177 dono
1435 4093 1620 4176 dare
1657 4156 1676 4193 ,
1763 4090 2189 4200 Nostrique
2257 4090 2449 4176 iuris
2532 4119 2705 4176 esse
2767 4090 3148 4176 voluistis.
3220 4091 3510 4196 Quam-

854 4282 1091 4363 quam
1155 4254 1318 4339 Nos
1381 4252 1700 4337 filialem
1800 4252 2151 4336 animmn
2248 4259 2599 4339 vestrum
2677 4281 2774 4339 ex
2850 4252 3207 4363 pluribus
3271 4283 3510 4363 argu-

854 4413 1140 4500 mentis
1203 4416 1446 4524 probe
1516 4413 1925 4525 cognitum
2004 4421 2084 4499 et
2146 4421 2650 4524 perspectum
2719 4411 3177 4514 habeamus,
3244 4419 3512 4499 tamen

854 4575 1191 4660 iucunde
1251 4576 1678 4658 >admodum
1742 4574 2006 4659 affecti
2070 4603 2342 4658 sumus
2405 4572 2557 4659 hoo
2622 4602 2821 4660 novo
2888 4604 2977 4659 ac
3025 4573 3511 4660 nobilissimo

856 4733 1305 4820 testimonio
1371 4734 1610 4818 studii
1676 4741 1755 4820 et
1820 4707 2286 4836 dilectioniS‚
2354 4736 2565 4844 quod
2629 4763 2675 4816 a
2738 4733 2959 4819 vobis
3036 4732 3534 4856 accepimus.-

857 4897 1332 5006 Pergratum
1395 4895 1687 5005 itaque,
1733 4894 2021 4980 dilecta
2064 4893 2145 4978 in
2192 4893 2508 4979 Christo
2584 4894 2766 4997 filia,
2825 4897 3119 4980 donum
3162 4901 3509 4980 vestrum

854 5054 1103 5142 Nobis
1168 5053 1523 5140 extitisse
1587 5052 1807 5140 hisee
1874 5053 2159 5140 litteris
2221 5055 2734 5158 declaramuS‚
2780 5061 2952 5139 tum
2998 5057 3209 5165 quod
3272 5058 3511 5141 devo-

855 5225 1019 5303 tam
1081 5224 1425 5304 vestram
1490 5245 1684 5328 erga
1746 5218 1910 5304 Nos
1974 5216 2465 5303 voluntatem
2540 5215 2939 5327 animique
3028 5215 3510 5328 magnitudi-

858 5407 1042 5465 nem
1106 5376 1432 5464 mirifice
1499 5377 1863 5484 ostendit,
1931 5386 2102 5464 tum
2161 5381 2371 5489 quod
2414 5378 2841 5464 liberalitas
2905 5385 3165 5464 vestra
3229 5407 3512 5464 seeun-
