4497 6714
1278 807 1436 885 216

1288 992 1613 1050 terrarum
1661 984 1959 1070 partibus
2008 985 2339 1067 restituta,
2389 994 2681 1070 optatam
2716 983 3064 1050 Ecclesiae
3098 984 3634 1070 tranquillitatem

1292 1130 1333 1172 a
1378 1108 1523 1173 Deo
1571 1111 1879 1194 impetret
1904 1158 3374 1176 ..............
3468 1111 3634 1179 PAG.
3689 1113 3814 1177 123

1112 1356 1413 1443 Epistola
1463 1389 1493 1418 «
1530 1360 1928 1446 Pet-gyratam
1972 1382 2124 1425 sane
2164 1387 2194 1418 »
2248 1360 2355 1425 die
2401 1361 2444 1424 4
2486 1359 2894 1446 Septembris
2926 1359 3009 1425 ad
3045 1360 3634 1447 Archiepiscopum

1291 1483 1781 1549 Ferrariensem
1855 1523 1935 1532 —
1986 1484 2425 1570 Peracceptas
2473 1485 2706 1549 habuit
2734 1485 2986 1550 litteras
3019 1509 3058 1547 a
3091 1487 3441 1551 iuvenibus
3479 1487 3631 1551 Fer-

1290 1608 1693 1675 rariensibus
1740 1609 1949 1675 datas.
1987 1649 2054 1657 —
2091 1610 2363 1675 Summa
2395 1610 2567 1675 enim
2609 1631 2759 1674 cum
2809 1609 2939 1674 fide
2991 1620 3057 1675 et
3106 1610 3322 1675 studio
3358 1634 3428 1676 se
3475 1611 3632 1697 Epi-

1290 1736 1495 1801 stolae
1543 1736 1948 1823 Encyclicae
1981 1736 2345 1801 adhaerere
2378 1735 2825 1811 declarabant,
2865 1758 2996 1822 qua
3029 1736 3410 1802 Massonum
3452 1748 3634 1803 secta

1288 1864 1504 1929 denuo
1575 1864 1946 1929 damnatur.
2001 1902 2082 1911 —
2131 1864 2420 1929 Paterna
2481 1862 2757 1927 caritate
2829 1863 3134 1948 omnique
3197 1864 3628 1928 commenda·

1293 1991 1467 2057 tione
1516 1992 1851 2075 egregiam
1916 1990 2278 2055 eorundem
2323 1990 2639 2053 iuvenum
2705 1987 3114 2054 voluntatem
3170 1990 3630 2074 prosequitur,

1290 2117 1401 2202 qui
1448 2139 1674 2181 curam
1722 2126 1963 2201 gerunt
2007 2138 2133 2181 non
2183 2115 2375 2180 modo
2423 2124 2497 2179 ut
2559 2114 2682 2200 ipsi
2746 2114 2828 2179 ab
2877 2114 3324 2200 improborum
3375 2115 3628 2181 artibus

1286 2241 1649 2307 incolumes
1697 2243 1845 2322 sint,
1895 2241 2011 2305 sed
2044 2242 2242 2307 etiam
2277 2250 2350 2305 ut
2382 2240 2659 2306 aliorum
2692 2262 2956 2327 quoque
3004 2242 3316 2305 iuvenum
3362 2241 3632 2307 utilitati

1289 2388 1367 2430 ac
1412 2365 1582 2430 bono
1646 2365 2045 2450 prospiciant
2121 2402 2191 2412 —
2248 2364 2310 2428 A
2359 2364 2523 2446 Deo,
2575 2363 2788 2428 Maria
2850 2363 3120 2450 Virgine
3168 2364 3621 2449 deprecatrice

1289 2489 1603 2572 adhibita,
1652 2490 1847 2555 enixe
1896 2488 2164 2573 flagitat,
2214 2498 2294 2557 ut
2337 2510 2562 2553 eorum
2610 2488 2810 2553 corda
2857 2499 2922 2553 et
2969 2498 3219 2553 mentes
3268 2489 3332 2553 in
3379 2490 3626 2554 sanctis

1290 2614 1661 2679 huiusmodi
1707 2615 2056 2700 propositis
2105 2614 2454 2679 confirmet
2481 2660 3495 2680 ..........
3598 2639 3625 2668 »
3680 2614 3806 2678 128

1108 2859 1408 2946 Epistola
1454 2860 1673 2926 italica
1725 2889 1757 2922 «
1796 2861 1855 2925 Ic
1902 2861 2185 2926 terribile
2216 2861 2486 2947 flaqello
2525 2887 2555 2917 »
2608 2860 2714 2925 die
2768 2861 2849 2925 10
2895 2859 3299 2945 Septembris
3362 2859 3446 2923 ad
3502 2860 3630 2923 Lu·

1287 2987 1594 3052 dovicum
1638 2986 1707 3052 S.
1757 2987 1835 3052 E.
1888 2987 1965 3052 R.
2013 2985 2492 3070 Presbyterum
2540 2984 2960 3050 Cardinalem
3008 3006 3048 3047 a
3090 2984 3383 3068 Negotiis
3417 2982 3632 3047 Publi-

1289 3113 1405 3178 cis,
1456 3150 1537 3176 —-.-
1587 3111 1903 3177 Asianam
1951 3111 2128 3176 luem
2176 3109 2468 3175 Gallicas
2542 3112 2835 3194 regiones
2892 3118 3415 3195 praetervectam
3480 3130 3634 3173 non-

1287 3235 1501 3302 nullas
1548 3236 1779 3302 Italiae
1828 3235 2029 3300 urbes
2078 3258 2156 3300 ac
2204 3237 2596 3321 praesertim
2638 3234 2983 3320 Neapolim
3018 3236 3394 3321 pervasisse
3441 3234 3632 3301 vehe-

1284 3371 1540 3427 menter
1614 3362 1808 3426 dolet.
1859 3401 1940 3411 —
1990 3361 2576 3426 Providentissimo
2656 3362 2798 3425 Deo
2876 3362 3014 3445 agit
3087 3363 3370 3445 gratias,
3454 3362 3631 3448 quod

1287 3489 1564 3554 Romam
1609 3488 1693 3553 ab
1739 3490 1997 3574 impura
2042 3488 2150 3552 lue
2196 3489 2552 3552 immunem
2598 3486 2941 3572 hucusque
2976 3487 3363 3551 servaverit.
3401 3526 3482 3535 —
3518 3485 3623 3552 De

1291 3612 1516 3699 populi
1563 3614 1813 3678 romani
1862 3611 2077 3677 salute
2145 3611 2441 3696 apprime
2504 3610 2820 3676 sollicitus
2890 3612 3153 3675 nuntiat
3197 3612 3487 3675 animum
3536 3611 3628 3675 in·

1289 3736 1578 3802 tendisse
1626 3736 1711 3801 ad
1743 3758 1987 3801 novum
2037 3735 2594 3801 valetudinarium
2635 3756 2837 3820 prope
2870 3735 3070 3800 aedes
3102 3735 3463 3800 Vaticanas
3498 3736 3633 3802 Sua

1286 3862 1812 3948 praegrandique
1872 3861 2168 3948 impensa
2238 3860 2653 3946 parandum,
2726 3860 2903 3947 quod
2949 3861 3102 3945 Ipse
3171 3871 3474 3945 aegrotos
3538 3882 3633 3924 so-

1285 3986 1541 4051 laturus
1610 3988 1819 4073 possit
1879 3987 2079 4052 adire.
2134 4026 2214 4035 —
2266 3985 2471 4072 Spem
2539 3986 2720 4050 fovet
2779 4008 2974 4050 curas
3041 3985 3105 4049 in
3164 3985 3232 4049 id
3287 3995 3630 4069 susceptas

1289 4133 1681 4196 prosperum
1726 4114 1975 4176 exitum
2024 4134 2168 4175 esse
2218 4109 2581 4175 habituras.
2633 4149 2712 4158 —
2765 4108 3096 4175 Nonnulla
3151 4131 3318 4173 novo
3383 4108 3631 4174 valetu-

1289 4236 1540 4301 dinario
1588 4235 1881 4320 regundo
1944 4236 2286 4301 constituit
2359 4274 2439 4283 —
2489 4234 2775 4321 Aliaque
2845 4235 2926 4299 de
2993 4234 3117 4299 hac
3179 4256 3250 4298 re
3297 4234 3628 4318 pertingit,

1292 4382 1463 4446 quae
1512 4359 1658 4424 Er'ili
1704 4359 2096 4425 Administri
2143 4359 2368 4425 Status
2419 4360 2634 4425 studia
2681 4369 2748 4424 et
2792 4361 3221 4444 sagacitatem
3276 4360 3631 4446 praecipue

1292 4484 1717 4568 expostulant
1810 4531 3497 4549 ................
3594 4509 3628 4542 »
3681 4484 3811 4550 130

1117 4733 1420 4819 Epistola
1472 4766 1502 4796 ‹<
1542 4734 1828 4798 Litterae
1875 4735 2472 4799 observantissimae
2510 4760 2539 4790 ιν
2592 4733 2696 4797 die
2747 4732 2830 4796 10
2875 4731 3280 4817 Septembris
3334 4733 3418 4797 ad
3460 4733 3632 4798 Ade-

1288 4857 1526 4923 laidem
1576 4858 1802 4923 Lehon
1851 4859 2226 4944 praesidem
2272 4857 2622 4924 Societatis
2676 4857 3023 4942 Virginum
3073 4881 3113 4922 a
3161 4859 3362 4925 Sacro
3419 4858 3634 4925 Corde

1288 4983 1467 5048 Iesu.
1518 5022 1599 5032 —
1648 4983 2034 5068 Pergratam
2081 4983 2392 5048 habuisse
2441 4982 2737 5048 declarat
2782 4983 2958 5067 piam
2981 4983 3466 5068 liberalitatem,
3502 5007 3634 5071 qua

1290 5107 1568 5172 fundum
1632 5108 1700 5173 in
1776 5108 2045 5172 civitate
2125 5105 2707 5172 Neo-Eboracensi
2786 5108 3074 5192 positum
3150 5108 3419 5174 Summo
3465 5111 3632 5176 Pon-

1294 5232 1450 5297 tifici
1514 5233 1683 5298 dono
1744 5233 1902 5297 dare
1950 5232 2317 5299 voluerunt.
2372 5272 2453 5281 —
2505 5235 2698 5299 Hanc
2762 5233 3218 5301 liberalitatem
3283 5258 3357 5301 eo
3421 5238 3630 5323 magis

1289 5359 1720 5440 commendat,
1772 5357 1947 5443 quod
1994 5360 2551 5443 opportunitatem
2584 5358 2918 5443 praebeat,
2947 5371 3019 5425 ut
3045 5360 3393 5446 Episcopis
3429 5361 3623 5426 Ame-
