4497 6714
3138 776 3233 853 61

736 959 1291 1061 obedientiam,
1320 988 1501 1043 cum
1535 959 1846 1044 libitum
1883 962 2145 1062 fuerit,
2183 959 2547 1045 abiicere.
2575 1009 2697 1023 —
2723 958 3122 1060 Similiter,
3168 986 3398 1068 pares

736 1118 942 1203 inter
1006 1150 1090 1205 se
1155 1119 1516 1205 homines
1582 1149 1753 1205 esse
1820 1121 2251 1221 univerSOS,
2321 1148 2551 1204 nemo
2617 1120 2948 1223 dubitat,
3018 1120 3083 1203 si
3142 1148 3398 1230 genus

739 1287 817 1365 et
850 1288 1134 1365 natura
1167 1280 1627 1383 communis,
1666 1281 1732 1365 si
1778 1281 1954 1365 finis
1988 1281 2316 1365 ultimus
2359 1280 2786 1391 unicuique
2829 1284 2924 1364 ad
2968 1310 3398 1391 assequen-
3515 1359 3520 1364 .

740 1443 926 1524 dum
962 1441 1430 1553 proposituS,
1468 1442 1533 1526 si
1572 1470 1686 1545 ea,
1726 1471 1927 1551 quae
1963 1442 2142 1527 inde
2190 1450 2468 1553 sponte
2513 1443 2790 1544 fluunt,
2828 1442 3000 1526 iura
3035 1449 3115 1527 et
3149 1442 3400 1528 officia

739 1610 1217 1712 spectentur.
1286 1602 1393 1688 At
1455 1632 1643 1688 vero
1709 1604 1893 1713 quia
1957 1604 2281 1715 ingenia
2346 1604 2697 1688 omnium
2760 1604 2979 1715 paria
3023 1633 3195 1691 csse
3242 1632 3400 1688 non

742 1770 1124 1874 possunt,
1210 1771 1291 1849 et
1375 1764 1576 1849 alius
1642 1768 1738 1849 ab
1806 1765 1958 1850 alio
2025 1766 2265 1849 distat
2346 1766 2474 1851 vel
2559 1765 2799 1850 animi
2863 1746 2989 1851 161
3056 1764 3400 1875 corporis

741 1924 1059 2025 viribuS,
1128 1924 1670 2034 plurimaeque
1746 1932 1931 2009 sunt
2018 1954 2349 2029 morum,
2417 1926 2867 2029 voluntatiS,
2936 1934 3399 2011 naturarum

747 2087 1467 2191 dissimilitudineS,
1534 2088 1824 2173 idcirco
1889 2088 2087 2173 nihil
2153 2096 2315 2172 tam
2383 2096 2504 2173 est
2566 2118 3020 2200 repugnans
3083 2089 3400 2193 rationi,

746 2278 982 2359 quam
1047 2280 1205 2335 una
1267 2251 1471 2337 velle
1521 2249 2220 2361 comprehensione
2271 2251 2532 2335 omnia
2576 2252 3014 2362 complecti,
3063 2259 3143 2337 et
3187 2252 3404 2335 illam

747 2411 1107 2496 omnibus
1172 2412 1525 2523 partibus
1590 2413 1984 2521 expletam
2049 2411 2694 2522 aequabilitatem
2759 2415 2858 2496 ad
2901 2413 3110 2498 vitae
3157 2412 3406 2498 civilis

747 2572 1106 2657 instituta
1171 2575 1609 2658 traducere.
1651 2571 2327 2676 Quemadmodum
2391 2576 2787 2684 perfectus
2853 2575 3199 2684 corporis
3261 2573 3407 2659 ha-

745 2734 959 2819 bitus
1006 2763 1103 2820 ex
1147 2734 1636 2820 diversorum
1684 2733 1951 2819 existit
2017 2734 2384 2818 iunctura
2429 2741 2508 2819 et
2554 2734 3115 2845 compositione
3159 2763 3408 2820 mem-

747 2895 1094 2999 brorum,
1133 2923 1334 3004 quae
1399 2898 1652 2980 forma
1716 2924 2025 3005 usuque
2091 2894 2491 2997 differunt,
2554 2902 2959 3006 compacta
3000 2902 3266 2981 tamen
3331 2901 3412 2981 et

749 3056 912 3142 suis
966 3057 1384 3141 distributa
1425 3056 1617 3142 locis
1664 3056 2287 3166 complexionem
2335 3056 2682 3141 efficiunt
2722 3056 3076 3167 pulcram
3122 3056 3408 3167 specie,

754 3219 1057 3302 firmam
1122 3218 1443 3318 viribUS,
1512 3218 1855 3303 utilitate
1921 3217 2476 3303 necessariam:
2544 3216 2653 3302 ita
2696 3218 2776 3303 in
2820 3220 3224 3329 republica
3266 3218 3412 3304 ho-

754 3380 1059 3465 minum
1126 3380 1350 3491 quasi
1412 3381 1755 3491 partium
1819 3380 2123 3465 infinita
2186 3383 2754 3492 propemodum
2833 3388 2953 3467 est
3016 3382 3414 3467 dissimili-

756 3544 993 3626 tudo:
1061 3541 1198 3651 qui
1261 3540 1328 3626 si
1391 3540 1835 3626 habeantur
1898 3571 2130 3652 pares
2195 3542 2767 3652 arbitriumque
2834 3543 3128 3655 singuli
3183 3572 3416 3628 suum

759 3709 1213 3811 sequantur,
1283 3701 1588 3813 species
1655 3702 1806 3787 erit
1873 3701 2211 3786 civitatis
2279 3702 2497 3786 nulla
2561 3703 3026 3789 deformior:
3102 3703 3167 3788 si
3231 3731 3417 3790 vero

758 3862 1191 3975 dignitatis,
1258 3864 1720 3967 studiorum,
1788 3863 2075 3948 artium
2117 3864 2531 3953 ,distinctis
2595 3865 2993 3976 gradibUS,
3072 3872 3253 3975 apte
3319 3868 3419 3950 ad

762 4051 1178 4109 commune
1262 4024 1560 4108 bonum
1644 4023 2149 4134 conspirent,
2228 4025 2434 4109 bene
2525 4024 2999 4110 constitutae
3084 4025 3420 4110 civitatis

756 4182 1187 4294 imaginem
1250 4185 1597 4269 referent
1663 4191 2394 4295 congruentemque
2459 4192 2810 4270 naturae.

952 4344 1323 4428 Ceterum
1392 4372 1489 4428 ex
1553 4344 1648 4428 iis
1687 4411 1705 4447 ,
1776 4373 1972 4454 quos
2038 4345 2822 4430 commemoravimus
2858 4411 2876 4448 ,
2943 4347 3421 4433 turbulentis

763 4504 1183 4608 erroribuS,
1249 4504 1636 4590 maximae
1704 4512 1890 4590 sunt
1956 4505 2405 4591 civitatibus
2471 4505 3102 4594 extimescendae
3153 4507 3422 4593 formi-

757 4667 1002 4752 dines.
1073 4666 1275 4750 Nam
1341 4668 1651 4752 sublato
1717 4667 1869 4752 Dei
1934 4674 2154 4751 metu
2217 4667 2650 4778 legumque
2706 4667 3149 4753 divinarum
3191 4697 3424 4755 vere-

755 4826 1061 4930 cundia,
1131 4828 1501 4937 despecta
1564 4827 2008 4938 principum
2071 4827 2563 4930 auctoritate,
2608 4828 2990 4938 permissa
3053 4831 3421 4940 probata-

763 5018 916 5099 que
982 4988 1457 5074 seditionum
1521 4989 1870 5093 libidine,
1938 4989 2308 5099 proiectis
2385 4992 2486 5074 ad
2548 4990 2949 5075 licentiam
3036 4991 3422 5103 cupidita-

756 5151 968 5236 tibus
1032 5151 1574 5262 popularibuS,
1643 5151 1860 5237 nullo
1925 5151 2076 5237 nisi
2140 5179 2574 5263 poenarum
2639 5154 2858 5238 freno
2889 5219 2908 5256 ,
2975 5155 3422 5242 necessario

760 5317 1131 5397 secutura
1196 5320 1316 5398 est
1379 5341 1646 5398 rerum
1707 5312 2059 5397 omnium
2125 5313 2636 5398 commutatio
2705 5320 2784 5398 et
2830 5314 3153 5399 eversio.
3192 5316 3424 5401 Hanc
