4497 6714
1199 760 1303 838 72

1045 970 1197 1052 que
1261 971 1404 1054 per
1467 941 1897 1051 Hispaniae
1972 917 2341 1053 regiones
2420 943 2759 1029 maxime
2827 949 2946 1028 est
3012 942 3430 1026 celebrata.
3498 943 3692 1025 Per-

1047 1110 1450 1189 vetustum
1513 1103 1726 1188 illius
1791 1103 2177 1215 templum
2242 1111 2519 1191 octavo
2584 1104 2908 1191 ineunte
2973 1102 3289 1190 saeculo
3334 1133 3381 1188 a
3422 1103 3700 1186 funda-

1047 1266 1334 1353 mentis
1379 1265 1831 1369 excitatum,
1878 1294 1970 1350 ac
2013 1265 2197 1350 dein
2262 1266 2578 1351 saeculo
2623 1263 3153 1351 decimosexto
3198 1263 3514 1374 penitus
3576 1261 3699 1346 in-

1043 1433 1484 1512 stauratum
1548 1433 1630 1513 et
1692 1425 1917 1512 novis
1978 1426 2263 1512 additis
2308 1426 2679 1537 operibus
2745 1425 3228 1536 ampliatum,
3295 1423 3700 1536 gothicam

1041 1593 1387 1702 praefert
1449 1597 1974 1694 structuram,
2012 1591 2571 1702 praeclaraque
2618 1598 2699 1676 et
2741 1589 3082 1702 insignia
3144 1586 3553 1699 religionis
3621 1594 3702 1672 et

1045 1751 1235 1836 artis
1302 1751 1651 1838 continet
1695 1758 2226 1838 monumenta.
2295 1751 2815 1862 Praecipuam
2870 1779 3056 1837 vero
3101 1750 3356 1834 dictae
3421 1747 3699 1833 Eccle-

1047 1909 1210 1996 siae
1256 1911 1593 2022 gloriam
1662 1911 2068 1997 constituit
2111 1912 2501 2023 Deiparae
2545 1910 2893 2022 Virginis
2938 1910 3248 2020 Imago,
3287 1936 3522 2018 quam
3568 1936 3701 1993 eo-

1048 2072 1231 2156 dem
1295 2079 1569 2157 octavo
1634 2072 1949 2158 saeculo
2012 2071 2462 2184 prodigiose
2540 2069 2993 2182 apparuisse
3057 2067 3434 2154 historiae
3498 2068 3700 2152 refe-

1056 2240 1257 2336 runt,
1305 2261 1664 2344 quaeque
1700 2232 1862 2318 illic
1924 2261 2065 2345 pro
2101 2233 2324 2318 cultu
2385 2232 2885 2342 maximaque
2930 2230 3436 2318 veneratione
3501 2237 3702 2314 tam-

1055 2422 1293 2503 quam
1355 2393 1542 2479 dicti
1607 2394 1872 2506 oppidi
1935 2397 2280 2480 Patrona
2354 2392 2660 2479 colitur.
2724 2393 3104 2478 Eiusdem
3167 2419 3396 2502 porro
3441 2389 3703 2499 Virgi-

1051 2553 1174 2639 nis
1217 2553 1599 2639 auxilium
1643 2561 1725 2640 et
1767 2555 2250 2666 singularem
2295 2555 2867 2667 protectionem
2931 2559 3299 2668 Loquar&
3334 2549 3708 2662 oppidum

1058 2712 1276 2799 haud
1340 2715 1587 2801 semel
1650 2714 1800 2800 fuit
1844 2723 2280 2826 expertum.
2352 2715 2554 2801 Oum
2618 2714 2829 2801 enim
2873 2741 3076 2799 anno
3140 2711 3461 2798 Domini
3528 2710 3704 2794 mil-

1056 2873 1334 2961 lesimo
1398 2875 2101 2986 septingentesimo
2167 2874 2473 2962 decimo
2558 2883 2833 2961 octavo
2901 2874 3388 2986 perditorum
3449 2870 3707 2958 homi-

1063 3065 1255 3119 num
1320 3037 1598 3121 turbae
1672 3072 1716 3113 «
1758 3042 1847 3124 dc
1906 3044 2284 3124 machinos
2324 3072 2368 3113 »
2443 3041 2939 3146 nuncupatae
3005 3064 3147 3144 per
3224 3063 3357 3120 eas
3419 3033 3708 3142 Hispa-

1062 3195 1238 3283 niae
1303 3196 1672 3308 regiones
1734 3205 2237 3308 vagarentur,
2287 3196 2681 3299 caedibUS,
2728 3194 3135 3299 incendiis,
3183 3194 3553 3305 omnique
3595 3195 3711 3277 fa-

1057 3359 1411 3447 cinorum
1473 3388 1771 3472 genere
1818 3388 1911 3446 ea
1973 3360 2146 3445 loca
2208 3359 2689 3463 divexanteS,
2735 3356 3301 3468 Lequeitianus
3373 3355 3712 3470 populus

1053 3517 1391 3631 publicis
1455 3522 1555 3604 ad
1619 3547 1814 3629 opus
1878 3517 2192 3604 indictis
2257 3519 2647 3629 precibuS,
2695 3521 2795 3603 ad
2860 3547 3036 3604 eam
3098 3546 3508 3604 recursum
3568 3515 3711 3601 ha-

1051 3681 1253 3786 buit,
1299 3683 1395 3766 ab
1441 3681 1928 3793 impendenti
1986 3682 2205 3768 clade
2250 3682 2802 3768 liberationem
2845 3682 3431 3792 impetraturus,
3478 3680 3713 3767 Obla-

1052 3848 1174 3927 tas
1241 3840 1391 3927 sibi
1454 3871 1730 3953 preces
1775 3841 2018 3954 Virgo
2083 3843 2432 3954 benigne
2496 3842 2841 3953 excepit:
2898 3841 3254 3927 nefariae
3324 3840 3713 3951 siquidem

1053 4002 1238 4089 illae
1304 4009 1612 4114 genteS,
1657 4006 1847 4088 dum
1911 4001 2069 4088 iam
2121 4002 2627 4114 Lequeitium
2691 4032 2965 4089 versus
3033 4002 3515 4105 incederent,
3582 4031 3715 4087 su-

1051 4192 1297 4275 perno
1362 4162 1608 4250 veluti
1672 4162 2017 4273 impulsu
2081 4164 2478 4269 commoti,
2525 4172 2790 4251 mente
2857 4171 3182 4268 mutata,
3238 4195 3284 4249 a
3349 4170 3715 4276 suscepto

1055 4323 1380 4409 consilio
1425 4323 1921 4426 destiterunt,
1989 4323 2449 4435 dictumque
2517 4323 2889 4435 oppidum
2954 4325 3051 4409 ab
3118 4323 3444 4408 instanti
3508 4322 3715 4408 cala-

1053 4484 1328 4571 mitate
1392 4482 1731 4570 liberum
1773 4484 1921 4569 fuit
1986 4491 2067 4571 et
2110 4483 2488 4571 immune.
2556 4484 2836 4595 Neque
2882 4483 3448 4595 Lequeitianae
3513 4512 3711 4594 gen-

1054 4651 1177 4731 tes
1241 4674 1435 4756 erga
1497 4672 1801 4730 sacram
1862 4644 2081 4729 illam
2124 4646 2449 4731 Iconem
2509 4644 2764 4754 pietas
2830 4651 2912 4730 et
2974 4643 3287 4756 relligio
3353 4646 3451 4728 ad
3515 4641 3714 4729 haec

1056 4832 1309 4914 usque
1373 4811 1730 4915 tempora
1772 4806 2194 4889 admodum
2259 4811 2382 4890 est
2444 4802 2882 4890 imminuta.
2953 4804 3076 4890 Ad
3120 4834 3295 4892 eam
3361 4804 3573 4891 enim
3634 4802 3715 4887 in

1056 4965 1392 5079 publicis
1454 4966 1936 5078 privatisque
2019 4966 2418 5053 aerumnis
2502 4966 2719 5077 ipsae
2802 4967 3295 5078 confugiunt,
3387 4966 3714 5077 eiusque

1058 5125 1386 5231 auxilio,
1452 5127 1580 5213 vel
1632 5119 1725 5211 ‘in
1788 5155 2143 5213 annonae
2200 5126 2530 5239 penuria
2593 5130 3040 5232 subventaS,
3105 5128 3233 5214 vel
3297 5129 3394 5213 ab
3462 5127 3714 5214 aereis

1060 5287 1661 5398 tempestatibus
1725 5294 2115 5390 servatas,
2181 5288 2309 5374 vel
2373 5290 2471 5370 ab
2537 5288 2711 5373 aliis
2775 5289 3357 5374 discriminibus
3423 5317 3508 5374 se
3575 5317 3716 5374 no-
