4497 6714
1196 746 1303 825 24

1044 926 1126 1012 in
1191 929 1833 1040 gravissimarum
1896 931 2483 1044 disciplinarum
2569 960 2844 1043 campo
2922 929 3416 1016 adlaboratis.
3485 926 3693 1031 Qua-

1042 1098 1366 1201 propter
1428 1089 1573 1177 has
1637 1092 1963 1178 Nostras
2004 1093 2308 1179 litteras
2373 1095 2471 1177 ad
2533 1121 2671 1179 vos
2735 1095 3028 1177 dandas
3085 1092 3554 1204 putavimuS,
3604 1096 3695 1174 ut

1042 1249 1264 1335 vobis
1328 1255 1427 1337 de
1491 1259 1932 1338 vestrorum
2017 1253 2456 1339 studiorum
2533 1252 2919 1338 fructibus
3001 1252 3518 1363 gratulemur,
3605 1281 3696 1337 ac

1044 1409 1407 1495 meritam
1491 1411 1808 1497 laudem
1890 1412 2331 1498 tribuamus
2407 1413 2576 1499 zelo
2640 1421 2928 1515 vestro,
2995 1442 3233 1523 quem
3313 1413 3396 1498 in
3481 1419 3700 1499 tanta

1047 1572 1581 1681 grassantium
1669 1601 2020 1658 errorum
2109 1572 2442 1659 colluvie
2509 1581 3036 1683 opportunum
3118 1576 3539 1659 admodum
3618 1579 3699 1658 et

1047 1732 1323 1819 utilem
1411 1733 1815 1819 Ecclesiae
1904 1762 2340 1818 censemus,
2432 1733 2815 1838 Quoniam
2911 1761 3095 1819 vero
3191 1733 3272 1816 in
3367 1731 3699 1817 docendi

1051 1922 1377 1980 munere
1444 1896 1654 2003 quod
1718 1894 1997 2006 geritis
2059 1895 2438 2006 plurimos
2483 1924 2655 1980 esse
2711 1895 3001 1979 scimus
3065 1894 3522 2006 disciplinae
3565 1922 3700 1980 ve-

1051 2059 1258 2138 strae
1304 2053 1684 2158 alumnOS,
1733 2054 1867 2165 qui
1911 2055 2312 2141 doctrinae
2366 2062 2446 2140 et
2488 2054 2759 2140 virtuti
2804 2056 3339 2165 assequendae
3384 2082 3703 2165 operam

1052 2213 1477 2326 diligenter
1540 2221 1852 2318 navant,
1917 2213 2069 2300 hac
2134 2214 2542 2300 occasione
2608 2215 2948 2301 libenter
3010 2215 3308 2299 utimur
3371 2222 3460 2300 ut
3516 2214 3705 2326 ipsis

1055 2375 1293 2461 etiam
1357 2385 1766 2488 paternam
1831 2378 2199 2461 Nostram
2287 2375 2791 2462 dilectionem
2873 2382 3278 2478 testemur,
3345 2382 3527 2461 vota
3590 2376 3704 2458 fa-

1056 2536 1354 2623 cientes
1419 2544 1509 2620 ut
1574 2565 1748 2621 eam
1813 2564 2033 2645 spem
2084 2564 2318 2645 quam
2363 2538 2462 2619 de
2506 2564 2589 2620 se
2640 2536 3044 2644 praebent,
3111 2534 3282 2619 Deo
3348 2534 3702 2620 adiutore

1050 2697 1429 2808 vobisque
1497 2698 2120 2809 cooperantibus,
2165 2698 2372 2782 tueri
2419 2704 2499 2782 et
2543 2697 2859 2807 explere
2927 2697 3321 2782 cumulate
3365 2698 3699 2783 valeant.

1050 2857 1587 2969 Adprecantes
1673 2859 1992 2941 demum
2059 2858 2359 2941 fontem
2444 2855 2696 2940 omnis
2759 2854 3188 2965 sapientiae
3263 2856 3547 2957 Deum,
3613 2860 3703 2938 ut

1047 3047 1185 3105 vos
1250 3018 1544 3128 iugiter
1605 3047 1748 3101 sua
1812 3017 1987 3102 luce
2053 3017 2367 3126 dirigat,
2453 3024 2533 3100 et
2619 3015 2875 3100 valida
2939 3046 3127 3102 suae
3216 3017 3515 3127 gloriae
3581 3016 3702 3099 in-

1050 3187 1487 3266 strumenta
1553 3209 1725 3266 esse
1791 3207 1931 3264 suo
1996 3178 2383 3289 praesidio
2459 3177 2775 3277 tribuat,
2841 3177 3373 3288 Apostolicam
3439 3182 3701 3265 Bene-

1049 3304 1471 3429 dictionem
1543 3342 1622 3425 in
1689 3340 1978 3452 pignus
2042 3347 2413 3452 paternae
2478 3337 2918 3424 dilectionis
2984 3347 3064 3424 et
3128 3339 3206 3424 in
3264 3339 3701 3452 auspicium

1049 3501 1510 3588 caelestium
1598 3501 2031 3612 gratiarum
2111 3499 2358 3598 vobiS,
2425 3498 2690 3583 dilecti
2756 3498 2916 3603 filii,
2998 3507 3078 3584 et
3155 3501 3491 3585 alumnis
3565 3531 3700 3588 ve-

1050 3662 1231 3748 stris
1294 3668 1791 3772 peramanter
1855 3661 1933 3744 in
2000 3659 2340 3744 Domino
2405 3658 2918 3769 impertimus,

1234 3823 1530 3906 Datum
1572 3823 1872 3906 Romae
1917 3822 2125 3932 apud
2168 3821 2244 3907 S.
2293 3823 2621 3904 Petrum
2665 3820 2789 3905 die
2836 3821 2944 3906 10
2985 3823 3392 3907 Februarii
3437 3826 3697 3931 1884,

1050 3980 1562 4067 Pontificatus
1628 3980 1891 4066 Nostri
1959 4008 2162 4064 anno
2228 3987 2475 4063 sexto,

2016 4302 2218 4386 LEO
2284 4302 2442 4384 ΡΡ.
2512 4302 2740 4388 XIII.
