4497 6714
3102 809 3252 889 103

1741 1145 2409 1280 EPISTOLA

1767 1521 2111 1578 DILECTIS
2175 1522 2398 1577 FILIIS

854 1676 1144 1734 CAROLO
1212 1678 1713 1735 CHESNELONG
1778 1680 2129 1737 PRAESIDI
2194 1681 2546 1749 ALIISQUE
2614 1680 3054 1738 CATHOLICIS
3119 1680 3316 1735 VIRIS

794 1839 926 1905 QUI
1008 1839 1345 1895 TERTIUM
1428 1806 1782 1897 DECIMUM
1866 1841 2333 1899 CONVENTUM
2416 1842 2731 1897 PARISIIS
2815 1841 3388 1898 CELEBRARUNT.

2318 2004 2702 2061 LUTETIAM
2766 2002 3228 2061 PARISIORUM

1657 2484 1910 2579 LEO
1981 2485 2176 2579 ΡΡ.
2245 2485 2527 2579 XIII.

1827 2857 2131 2914 DILECTI
2195 2859 2378 2914 FILII

1187 3015 1535 3073 SALUTEM
1600 3017 1694 3072 ET
1760 3016 2281 3073 APOSTOLICAM
2345 3016 2998 3074 BENEDICTIONEM.

773 3329 1232 3480 Paternum
1318 3396 1688 3500 studium,
1756 3424 1911 3506 quo
1987 3396 2366 3482 virtutem
2464 3397 2801 3482 filiorum
2883 3395 3431 3508 prosequimur

774 3558 910 3669 qui
975 3558 1057 3642 in
1120 3588 1411 3670 magna
1472 3559 1858 3670 pravitate
1923 3559 2217 3644 saeculi
2285 3588 2505 3644 suam
2572 3560 2840 3660 fidem,
2910 3556 3430 3644 constantiam

777 3728 860 3806 et
924 3747 1273 3805 amorem
1336 3720 1738 3805 Ecclesiae
1825 3720 1977 3804 Dei
2044 3721 2189 3803 sub
2266 3721 2687 3805 Pastorum
2770 3723 3015 3805 ductu
3100 3720 3432 3830 probare

779 3882 1320 3980 contendunt,
1390 3879 1654 3965 effecit
1718 3886 1809 3964 ut
1852 3879 2190 3964 ‘Vestras
2254 3879 2559 3964 litteras
2624 3882 2723 3963 ad
2786 3880 2950 3964 Nos
3014 3882 3235 3964 datas
3300 3904 3433 3962 oc-

780 4037 1090 4124 casione
1155 4038 1555 4123 novissimi
1622 4045 2052 4124 conventus
2118 4051 2354 4148 quem
2418 4039 2595 4124 istic
2659 4037 3072 4140 habuistiS‚
3140 4067 3231 4123 ac
3295 4040 3433 4122 de-

784 4199 1250 4285 clarationes
1317 4198 1673 4309 obsequii
1738 4198 1977 4284 vestri
2059 4206 2656 4309 vestrarumque
2744 4198 3217 4309 optimarum
3300 4224 3437 4281 vo-

783 4360 1179 4444 luntatum
1244 4387 1535 4470 magno
1636 4387 1815 4442 cum
1912 4359 2203 4470 gaudio
2291 4359 2855 4470 exciperemus,
2921 4359 3440 4468 Perspectum

787 4519 1105 4629 quidem
1168 4519 1629 4630 iampridem
1692 4518 1938 4603 Nobis
2003 4526 2196 4622 erat,
2244 4547 2400 4629 quo
2465 4519 2635 4605 zelo
2698 4521 2993 4603 bonum
3040 4524 3440 4602 certamen

789 4679 1108 4765 certetis
1172 4685 1253 4763 et
1314 4681 1700 4765 bonorum
1766 4678 2060 4764 Christi
2129 4679 2470 4764 militum
2533 4679 2789 4764 officio
2833 4676 3296 4791 fungamini,
3342 4680 3440 4763 de

791 4839 946 4926 hoc
1009 4848 1277 4925 tamen
1342 4867 1630 4924 novum
1717 4847 2276 4950 argumentum
2343 4869 2458 4944 ea,
2527 4868 2728 4950 quae
2793 4840 3074 4926 vestris
3161 4838 3444 4924 litteris

794 5002 893 5085 ad
956 5000 1119 5085 Nos
1182 4999 1587 5102 retulistiS‚
1656 4998 1903 5084 Nobis
1966 4998 2425 5110 praebuisse
2489 4997 2916 5109 plurimum
2980 5001 3442 5109 gaudemus,

800 5164 1258 5274 Congruum
1325 5161 1536 5248 enim
1600 5190 2096 5273 summopere
2163 5162 2649 5274 temporibus
2716 5170 2797 5249 et
2860 5162 3191 5273 dignum
3267 5161 3451 5247 reli-

804 5323 1039 5434 gione
1106 5351 1198 5407 ac
1262 5323 1555 5408 virtute
1619 5331 1880 5408 vestra
1944 5322 2329 5426 ducimus,
2397 5323 2665 5409 dilecti
2710 5323 2870 5426 filii,
2917 5330 3272 5407 mutuam
3314 5351 3454 5410 vos
