4497 6714
3216 791 3312 868 21

818 969 1039 1056 benti
1103 970 1364 1055 animo
1429 977 1781 1081 pareant,
1849 971 2558 1083 auctoritatemque
2603 977 3059 1077 vereantur3
3126 1000 3273 1057 nec
3339 1001 3471 1057 su-

817 1129 1151 1241 scipiant
1227 1129 1647 1240 quicquam
1724 1139 2037 1242 praeter
2119 1136 2575 1218 eorumdem
2653 1132 3162 1237 voluntatem,
3249 1162 3469 1244 quoS,

734 1312 739 1315 ’
817 1292 1129 1401 quando
1193 1317 1334 1400 pro
1398 1290 1784 1401 religione
1851 1290 2290 1396 dimicatur,
2372 1293 2597 1402 sequi
2683 1322 3006 1381 necesse
3085 1301 3206 1380 est
3269 1301 3471 1379 tam-

821 1480 1060 1561 quam
1124 1454 1390 1537 duceS.
2010 1440 2019 1445 ’

999 1610 1387 1721 Denique,
1456 1614 1666 1721 quod
1729 1614 1989 1698 facere
2036 1612 2115 1696 in
2161 1615 2399 1699 rebus
2445 1613 2704 1698 dubiis
2751 1642 3063 1723 semper
3116 1613 3474 1700 Ecclesia

816 1774 1245 1867 consuevit,
1313 1775 1650 1885 populus
1718 1774 2154 1879 univerSUS,
2223 1775 2465 1861 Vobis
2531 1775 3007 1881 auctoribus,
3056 1780 3469 1862 obsecrare

812 1932 1347 2042 obtestarique
1415 1935 1675 2020 Deum
1739 1934 2073 2037 insistat,
2122 1941 2210 2018 ut
2253 1935 2623 2046 respiciat
2689 1937 3054 2040 Galliam,
3113 1936 3469 2047 iramque

815 2092 1349 2179 misericordia
1412 2095 1697 2179 vincat.
1797 2098 1891 2179 In
1987 2096 2138 2180 ista
2232 2097 2445 2181 fandi
2522 2097 3071 2208 scribendique
3151 2097 3470 2183 licentia

810 2252 1106 2363 pluries
1173 2261 1295 2340 est
1360 2253 1621 2340 divina
1684 2255 1973 2340 violata
2037 2257 2430 2361 maiestas,
2476 2286 2735 2367 neque
2802 2261 3088 2343 desunt
3131 2258 3268 2368 qui
3311 2286 3468 2344 non

812 2415 1043 2499 modo
1108 2414 1493 2500 beneficia
1560 2414 1983 2502 Salvatoris
2048 2413 2461 2500 hominum
2525 2419 2711 2502 Iesu
2786 2415 3079 2502 Christi
3160 2416 3469 2528 ingrate

809 2574 1247 2683 repudient,
1315 2577 1455 2660 sed
1520 2575 1758 2660 etiam
1802 2575 2041 2686 impia
2086 2577 2610 2663 ostentatione
2676 2578 3209 2687 profiteantur,
3256 2577 3465 2663 nolle

812 2762 896 2818 se
963 2734 1114 2819 Dei
1179 2763 1475 2820 numen
1539 2763 1994 2846 agnoscere.
2064 2736 2398 2822 Omnino
2465 2734 2893 2822 catholicos
2958 2739 3187 2823 decet
3260 2735 3466 2823 hanc

809 2894 1199 2980 sentiendi
1264 2896 1713 3006 agendique
1800 2898 2268 3008 pravitatem
2351 2926 2639 3009 magno
2728 2899 2908 2984 fidei
2992 2898 3466 3009 pietatisque

809 3056 1067 3141 studio
1135 3085 1667 3166 compensare,
1735 3057 2208 3167 publiceque
2276 3059 2572 3162 testari,
2619 3056 2820 3141 nihil
2875 3057 3023 3142 sibi
3090 3086 3262 3144 esse
3310 3058 3461 3144 Dei

810 3215 1064 3325 gloria
1130 3215 1370 3327 prius,
1469 3215 1668 3300 nihil
1734 3218 1943 3302 avita
2006 3218 2390 3329 religione
2458 3219 2735 3304 carius.
2838 3219 2903 3302 Ii
3000 3220 3464 3331 praesertim

807 3377 942 3487 qui
1006 3378 1310 3489 alligati
1375 3378 1667 3463 arctius
1734 3380 1928 3483 Dec,
1977 3379 2182 3464 intra
2225 3381 2880 3467 monasteriorum
2948 3379 3287 3465 claustra
3331 3409 3462 3467 ae·
3519 3356 3528 3364 ⁶

813 3545 1058 3623 tatem
1125 3542 1454 3650 degunt,
1503 3539 1850 3625 excitent
1893 3569 2102 3624 nunc
2146 3569 2320 3626 sese
2387 3543 2485 3625 ad
2528 3540 2933 3626 caritatem
2979 3542 3465 3652 generosius,

806 3705 887 3784 et
951 3698 1304 3783 divinum
1369 3699 1792 3810 propitiare
1858 3729 2150 3786 numen
2196 3699 2479 3785 humili
2542 3730 2801 3812 prece,
2868 3703 3142 3814 poenis
3186 3703 3464 3789 volun-

808 3858 1051 3963 tariiS,
1120 3859 1400 3969 suique
1466 3859 1880 3946 devotione
1947 3865 2446 3947 contendant.
2514 3863 2664 3946 His
2728 3862 3162 3947 rationibus
3229 3892 3465 3949 even-

814 4028 1105 4123 turum,
1174 4021 1346 4106 Deo
1414 4020 1872 4132 opitulante,
1942 4023 2427 4128 confidimuS,
2494 4031 2584 4108 ut
2649 4024 2784 4134 qui
2850 4031 3033 4109 sunt
3076 4024 3156 4107 in
3201 4052 3463 4110 errore

805 4180 1292 4291 resipiscant,
1360 4210 1805 4291 nomenque
1873 4182 2269 4267 Gallicum
2333 4186 2431 4268 ad
2495 4184 2926 4295 genuinam
2979 4184 3463 4295 magnitudi-

806 4369 994 4427 nem
1060 4340 1508 4427 revirescat.

997 4502 1092 4583 In
1156 4498 1282 4584 his
1349 4499 1735 4604 omnibus,
1837 4529 2037 4610 quae
2134 4500 2521 4587 hactenus
2617 4503 2980 4609 diximus,
3046 4512 3466 4615 paternum

807 4658 1156 4743 animum
1232 4661 1632 4762 Nostrum,
1722 4661 2231 4746 Venerabiles
2315 4664 2660 4766 Fratres,
2749 4670 2830 4748 et
2912 4664 3222 4767 amoriS,
3308 4693 3463 4774 quo

806 4817 1254 4904 universam
1323 4818 1663 4902 Galliam
1730 4819 2349 4931 complectimur,
2386 4822 3015 4933 magnitudinem
3078 4851 3464 4935 recogno-

804 4977 1023 5064 scite.
1091 4980 1259 5100 Nec
1323 4979 1774 5064 dubitamus
1840 4981 2031 5090 quin
2096 4979 2250 5067 hoc
2316 4981 2569 5094 ipsum
2640 4983 3257 5070 studiosissimae
3323 5013 3461 5071 vo-

805 5140 1130 5227 luntatis
1196 5144 1528 5228 Nostrae
1594 5144 2133 5229 testimonium
2177 5149 2275 5229 ad
2323 5147 2933 5232 confirmandam
2977 5151 3463 5257 augendam-

809 5329 962 5410 que
1024 5299 1284 5386 valeat
1348 5302 1771 5388 salutarem
1837 5302 2052 5387 illam
2118 5305 2325 5390 inter
2389 5306 2731 5391 Galliam
2797 5315 2877 5393 et
2930 5308 3464 5417 Apostolicam
