4497 6714
1187 806 1336 887 120

1031 990 1616 1075 traordinariam
1678 988 2214 1100 providentiae
2281 991 2611 1073 formam
2676 987 3051 1073 adhibere
3119 985 3324 1070 circa
3412 1013 3678 1068 curam

1024 1158 1105 1237 et
1169 1150 1923 1237 administrationem
1988 1181 2262 1238 eorum
2324 1151 2700 1255 locorum,
2768 1178 2994 1262 quae,
3031 1155 3254 1235 extra
3312 1146 3672 1231 Goanam

1031 1311 1482 1398 Dioccesim
1546 1312 1718 1416 sita,
1757 1312 2264 1398 Dioecesium
2309 1313 3009 1423 suffraganeorum
3077 1306 3433 1395 terminis
3500 1335 3686 1393 con-

1029 1472 1507 1578 tinebantur,
1577 1502 1937 1583 quaeque
2004 1481 2193 1558 tunc
2262 1504 2306 1557 a
2352 1472 2838 1558 Vicariorum
2879 1469 3510 1582 Apostolicorum
3547 1498 3687 1553 au-

1030 1634 1392 1719 ctoritate
1494 1641 1575 1719 et
1638 1634 2084 1720 obedientia
2147 1641 2572 1746 segregata
2637 1640 2886 1721 erant.
2956 1634 3230 1743 anue
3288 1635 3385 1718 de
3453 1661 3687 1718 causa

1037 1792 1292 1880 eidem
1360 1793 1975 1907 Archiepiscopo
2042 1796 2320 1881 Goano
2367 1802 2589 1882 extra
2634 1794 2988 1881 ordinem
3035 1802 3115 1880 et
3157 1796 3254 1877 ad
3299 1792 3689 1904 praefiniti

1035 1956 1411 2067 temporis
1476 1956 1816 2068 spatium
1840 1956 2207 2067 delegata
2253 1964 2374 2042 cst
2408 1956 2844 2042 iurisdictio
2892 1956 2972 2040 in
3007 1955 3378 2067 praefatis
3423 1954 3688 2066 regio-

1037 2116 1270 2201 nibus
1336 2118 1651 2203 nomine
1718 2118 1793 2205 S.
1832 2116 2054 2203 Sedis
2092 2116 2597 2229 Apostolicae
2645 2118 3104 2220 exercenda,
3152 2115 3375 2200 cuius
3410 2117 3690 2227 praefi-

1042 2277 1296 2364 nitum
1385 2277 1763 2390 temporis
1850 2277 2357 2364 intervallum
2390 2279 2687 2390 pluries
2738 2279 3128 2391 prolatum
3174 2276 3346 2362 suit.
3383 2280 3691 2364 Iamve-

1040 2468 1129 2525 ro
1154 2470 1251 2527 ex
1295 2440 1602 2524 nunciis
1636 2439 1882 2525 Nobis
1928 2439 2186 2524 allatis
2236 2440 2850 2550 certissimisque
2872 2438 3367 2525 documentis
3402 2439 3692 2525 consti-

1043 2602 1141 2687 tit
1204 2601 1657 2713 religiosam
1705 2601 2106 2685 Indiarum
2156 2601 2674 2687 Orientalium
2754 2601 3282 2686 conditionem
3337 2601 3694 2712 pluribus

1046 2760 1337 2845 abhinc
1400 2760 1624 2846 annis
1688 2761 1947 2847 minus
1983 2769 2197 2848 recte
2268 2791 2352 2847 se
2416 2760 2740 2866 habere,
2808 2766 3002 2849 adeo
3049 2769 3137 2847 ut
3181 2791 3279 2848 ex
3322 2764 3694 2874 gravibus

1044 2921 1765 3033 perturbationibus
1831 2927 2344 3008 metuendum
2409 2923 2655 3008 sitne
2724 2923 3288 3010 catholicorum
3333 2926 3525 3011 fides
3557 2954 3694 3036 pe-

1044 3084 1455 3189 riclitetur,
1525 3093 1605 3171 et
1670 3084 2101 3171 infidelium
2167 3089 2266 3169 ad
2329 3084 2545 3169 illam
2612 3085 3015 3171 conversio
3083 3115 3227 3171 nec
3292 3115 3449 3171 non
3514 3087 3695 3173 reli-

1047 3246 1305 3360 gionis
1371 3246 1845 3360 impediatur
1909 3247 2508 3335 incrementum.
2560 3249 2930 3334 Miseram
2993 3247 3199 3334 hanc
3234 3249 3546 3333 illarum
3579 3279 3696 3336 re-

1045 3408 1372 3519 gionum
1408 3409 1937 3496 conditionem
1973 3410 2579 3513 consideranteS,
2617 3409 3157 3519 perspeximus
3191 3409 3695 3520 praecipuam

1048 3599 1222 3656 esse
1289 3600 1628 3673 causam,
1694 3571 2091 3681 duplicem
2154 3600 2435 3682 nempe
2476 3636 2494 3672 ‚
2562 3599 2764 3680 quae
2831 3570 2912 3653 in
2996 3570 3276 3656 iisdem
3341 3570 3533 3655 locis
3598 3571 3694 3654 ab

1044 3737 1380 3840 utraque
1446 3731 1913 3817 auctoritate
1980 3730 2227 3815 libera
2273 3736 2707 3829 exercetur,
2755 3728 3398 3832 iurisdictionem,
3438 3737 3518 3814 et
3560 3759 3695 3814 va-

1043 3889 1469 3975 stissimam
1502 3890 1814 3976 illarum
1847 3891 2265 4002 regionum
2300 3889 2916 4000 amplitudinem,
2955 3919 3110 3999 qua
3145 3888 3694 4000 Archiepisco-

1042 4081 1192 4164 pus
1258 4053 1580 4138 Goanus
1647 4051 1898 4163 impar
1931 4059 2053 4138 est
2096 4052 2251 4136 illis
2318 4050 2815 4161 advigilando
2881 4052 3276 4161 pastorali,
3314 4082 3469 4162 qua
3503 4081 3697 4163 opus

1044 4219 1277 4316 esset,
1344 4211 1894 4299 sollicitudine.
1964 4212 2219 4316 Quare
2292 4241 2390 4297 ex
2455 4210 2706 4296 officio
2780 4211 3125 4322 supremi
3182 4212 3694 4323 Apostolatus

1040 4372 1412 4458 divinitus
1476 4373 1723 4459 Nobis
1789 4372 2259 4473 demandati,
2328 4371 3011 4482 sempiternaeque
3079 4378 3197 4457 tot
3262 4373 3699 4459 animarum

1042 4533 1316 4618 salutis
1380 4532 1682 4618 iactura
1745 4533 2103 4646 permoti,
2169 4532 2607 4619 remedium
2642 4532 2882 4617 tantis
2918 4532 3198 4618 afferre
3265 4534 3492 4619 malis
3559 4564 3697 4620 cu-

1042 4692 1349 4804 pientes
1385 4759 1404 4798 ,
1483 4693 1780 4805 duplici
1874 4692 2060 4777 huic
2147 4691 2666 4777 iurisdictioni
2732 4691 2813 4775 in
2895 4691 3174 4777 iisdem
3236 4693 3700 4804 regionibus

1047 4856 1530 4939 exercendae
1595 4854 1833 4939 finem
1896 4852 2461 4963 imponendum
2526 4881 2723 4956 esse,
2808 4861 2888 4938 ct
2967 4882 3187 4965 quae.
3234 4857 3701 4966 praesertim

1049 5016 1149 5098 ad
1211 5013 1647 5100 Vicariatus
1714 5012 2205 5124 Apostolicos
2261 5014 3028 5120 Hyderabadensem,
3084 5014 3703 5103 Pondicherien-

1048 5200 1239 5276 sem,
1308 5172 1914 5277 Calcuttensem‚
1982 5173 2458 5258 Peninsulae
2547 5175 3038 5283 MalayensiS‚
3112 5177 3704 5288 Bengalensem

1051 5333 1588 5436 Orientalem,
1662 5333 2271 5420 Columbensem
2365 5341 2445 5420 et
2512 5337 2957 5422 Iafnenscm
3025 5338 3424 5449 pertinent
3490 5368 3704 5425 com-
