<?xml version="1.0" encoding="UTF-8"?>
<!DOCTYPE html PUBLIC "-//W3C//DTD XHTML 1.0 Transitional//EN"
    "http://www.w3.org/TR/xhtml1/DTD/xhtml1-transitional.dtd">
<html xmlns="http://www.w3.org/1999/xhtml" xml:lang="en" lang="en">
 <head>
  <title>
</title>
<meta http-equiv="Content-Type" content="text/html;charset=utf-8" />
  <meta name='ocr-system' content='tesseract 3.04.00' />
  <meta name='ocr-capabilities' content='ocr_page ocr_carea ocr_par ocr_line ocrx_word'/>
</head>
<body>
  <div class='ocr_page' id='page_1' title='image "./leonisxiiiponti00churgoog_0204.png"; bbox 0 0 4497 6714; ppageno 0'>
   <div class='ocr_carea' id='block_1_1' title="bbox 1303 754 1454 836">
    <p class='ocr_par' dir='ltr' id='par_1_1' title="bbox 1303 754 1454 836">
     <span class='ocr_line' id='line_1_1' title="bbox 1303 754 1454 836; baseline 0.007 -2"><span class='ocrx_word' id='word_1_1' title='bbox 1303 754 1454 836; x_wconf 76' lang='lat'>192</span> 
     </span>
    </p>
   </div>
   <div class='ocr_carea' id='block_1_2' title="bbox 2143 1111 2811 1244">
    <p class='ocr_par' dir='ltr' id='par_1_2' title="bbox 2143 1111 2811 1244">
     <span class='ocr_line' id='line_1_2' title="bbox 2143 1111 2811 1244; baseline 0.004 -4"><span class='ocrx_word' id='word_1_2' title='bbox 2143 1111 2811 1244; x_wconf 82' lang='lat' dir='ltr'><strong>EPISTOLA</strong></span> 
     </span>
    </p>
   </div>
   <div class='ocr_carea' id='block_1_3' title="bbox 1657 1496 3367 1878">
    <p class='ocr_par' dir='ltr' id='par_1_3' title="bbox 1657 1496 3367 1878">
     <span class='ocr_line' id='line_1_3' title="bbox 2079 1496 2884 1556; baseline 0.005 -5"><span class='ocrx_word' id='word_1_3' title='bbox 2079 1496 2545 1553; x_wconf 86' lang='lat' dir='ltr'><strong>VENERABILI</strong></span> <span class='ocrx_word' id='word_1_4' title='bbox 2609 1499 2884 1556; x_wconf 81' lang='lat' dir='ltr'>FRATRI</span> 
     </span>
     <span class='ocr_line' id='line_1_4' title="bbox 1657 1655 3289 1718; baseline 0.004 -8"><span class='ocrx_word' id='word_1_5' title='bbox 1657 1655 2073 1714; x_wconf 86' lang='lat' dir='ltr'>FRANCISCO</span> <span class='ocrx_word' id='word_1_6' title='bbox 2140 1656 2736 1717; x_wconf 87' lang='lat' dir='ltr'><strong>ARCHIEPISCOPO</strong></span> <span class='ocrx_word' id='word_1_7' title='bbox 2800 1659 3289 1718; x_wconf 86' lang='lat' dir='ltr'><strong>BONONIENSI.</strong></span> 
     </span>
     <span class='ocr_line' id='line_1_5' title="bbox 2967 1820 3367 1878; baseline 0.005 -2"><span class='ocrx_word' id='word_1_8' title='bbox 2967 1820 3367 1878; x_wconf 85' lang='lat' dir='ltr'>BONONIAM</span> 
     </span>
    </p>
   </div>
   <div class='ocr_carea' id='block_1_4' title="bbox 2043 2305 2918 2402">
    <p class='ocr_par' dir='ltr' id='par_1_4' title="bbox 2043 2305 2918 2402">
     <span class='ocr_line' id='line_1_6' title="bbox 2043 2305 2918 2402; baseline 0.002 -2"><span class='ocrx_word' id='word_1_9' title='bbox 2043 2305 2302 2401; x_wconf 88' lang='lat' dir='ltr'>LEO</span> <span class='ocrx_word' id='word_1_10' title='bbox 2370 2308 2568 2401; x_wconf 89' lang='lat' dir='ltr'>PP.</span> <span class='ocrx_word' id='word_1_11' title='bbox 2638 2306 2918 2402; x_wconf 86' lang='lat' dir='ltr'><strong>XIII.</strong></span> 
     </span>
    </p>
   </div>
   <div class='ocr_carea' id='block_1_5' title="bbox 1562 2680 3372 2901">
    <p class='ocr_par' dir='ltr' id='par_1_5' title="bbox 1562 2680 3372 2901">
     <span class='ocr_line' id='line_1_7' title="bbox 2040 2680 2907 2738; baseline 0.003 -3"><span class='ocrx_word' id='word_1_12' title='bbox 2040 2680 2547 2737; x_wconf 87' lang='lat' dir='ltr'><strong>VENERABILIS</strong></span> <span class='ocrx_word' id='word_1_13' title='bbox 2611 2681 2907 2738; x_wconf 86' lang='lat' dir='ltr'><strong>FRATER</strong></span> 
     </span>
     <span class='ocr_line' id='line_1_8' title="bbox 1562 2838 3372 2901; baseline 0.002 -6"><span class='ocrx_word' id='word_1_14' title='bbox 1562 2838 1912 2897; x_wconf 75' lang='lat' dir='ltr'>SALUTEM</span> <span class='ocrx_word' id='word_1_15' title='bbox 1974 2841 2071 2896; x_wconf 89' lang='lat' dir='ltr'>ET</span> <span class='ocrx_word' id='word_1_16' title='bbox 2136 2840 2657 2899; x_wconf 82' lang='lat' dir='ltr'><strong>APOSTOLICAM</strong></span> <span class='ocrx_word' id='word_1_17' title='bbox 2719 2842 3372 2901; x_wconf 84' lang='lat' dir='ltr'>BENEDICTIONEM.</span> 
     </span>
    </p>
   </div>
   <div class='ocr_carea' id='block_1_6' title="bbox 1138 3153 3803 5434">
    <p class='ocr_par' dir='ltr' id='par_1_6' title="bbox 1138 3153 3803 5434">
     <span class='ocr_line' id='line_1_9' title="bbox 1146 3153 3800 3315; baseline 0.003 -10"><span class='ocrx_word' id='word_1_18' title='bbox 1146 3153 1395 3315; x_wconf 75' lang='lat' dir='ltr'>Quas</span> <span class='ocrx_word' id='word_1_19' title='bbox 1459 3222 1763 3309; x_wconf 78' lang='lat' dir='ltr'><strong>litteras</strong></span> <span class='ocrx_word' id='word_1_20' title='bbox 1829 3230 2013 3309; x_wconf 87' lang='lat' dir='ltr'>tuae</span> <span class='ocrx_word' id='word_1_21' title='bbox 2078 3222 2524 3310; x_wconf 78' lang='lat' dir='ltr'>dilectionis</span> <span class='ocrx_word' id='word_1_22' title='bbox 2612 3233 2692 3311; x_wconf 85' lang='lat' dir='ltr'>et</span> <span class='ocrx_word' id='word_1_23' title='bbox 2757 3226 3300 3313; x_wconf 75' lang='lat' dir='ltr'>observantiae</span> <span class='ocrx_word' id='word_1_24' title='bbox 3364 3230 3610 3312; x_wconf 88' lang='lat' dir='ltr'>testes</span> <span class='ocrx_word' id='word_1_25' title='bbox 3673 3225 3800 3312; x_wconf 93' lang='lat' dir='ltr'>die</span> 
     </span>
     <span class='ocr_line' id='line_1_10' title="bbox 1153 3381 3800 3500; baseline 0.003 -35"><span class='ocrx_word' id='word_1_26' title='bbox 1153 3382 1261 3470; x_wconf 84' lang='grc'>18</span> <span class='ocrx_word' id='word_1_27' title='bbox 1328 3381 1568 3469; x_wconf 90' lang='lat' dir='ltr'>huius</span> <span class='ocrx_word' id='word_1_28' title='bbox 1631 3384 1924 3470; x_wconf 84' lang='lat' dir='ltr'>mensis</span> <span class='ocrx_word' id='word_1_29' title='bbox 2006 3387 2105 3469; x_wconf 88' lang='lat' dir='ltr'>ad</span> <span class='ocrx_word' id='word_1_30' title='bbox 2186 3386 2350 3471; x_wconf 90' lang='lat' dir='ltr'>Nos</span> <span class='ocrx_word' id='word_1_31' title='bbox 2414 3386 2698 3473; x_wconf 89' lang='lat' dir='ltr'>dedisti</span> <span class='ocrx_word' id='word_1_32' title='bbox 2734 3453 2753 3492; x_wconf 89' lang='lat'>,</span> <span class='ocrx_word' id='word_1_33' title='bbox 2852 3387 3130 3475; x_wconf 76' lang='lat' dir='ltr'>libenti</span> <span class='ocrx_word' id='word_1_34' title='bbox 3217 3418 3348 3475; x_wconf 91' lang='lat' dir='ltr'>eas</span> <span class='ocrx_word' id='word_1_35' title='bbox 3433 3389 3800 3500; x_wconf 91' lang='lat' dir='ltr'>laetoque</span> 
     </span>
     <span class='ocr_line' id='line_1_11' title="bbox 1143 3546 3799 3661; baseline 0.002 -31"><span class='ocrx_word' id='word_1_36' title='bbox 1143 3546 1405 3633; x_wconf 90' lang='lat' dir='ltr'>animo</span> <span class='ocrx_word' id='word_1_37' title='bbox 1476 3546 1953 3658; x_wconf 83' lang='lat' dir='ltr'>excepimus.</span> <span class='ocrx_word' id='word_1_38' title='bbox 2022 3548 2316 3659; x_wconf 82' lang='lat' dir='ltr'>Magno</span> <span class='ocrx_word' id='word_1_39' title='bbox 2384 3549 2595 3633; x_wconf 89' lang='lat' dir='ltr'>enim</span> <span class='ocrx_word' id='word_1_40' title='bbox 2660 3550 2951 3661; x_wconf 82' lang='lat' dir='ltr'>gaudio</span> <span class='ocrx_word' id='word_1_41' title='bbox 3015 3551 3262 3637; x_wconf 89' lang='lat' dir='ltr'>Nobis</span> <span class='ocrx_word' id='word_1_42' title='bbox 3329 3551 3480 3637; x_wconf 88' lang='lat' dir='ltr'>fuit</span> <span class='ocrx_word' id='word_1_43' title='bbox 3543 3580 3640 3637; x_wconf 84' lang='lat' dir='ltr'>ex</span> <span class='ocrx_word' id='word_1_44' title='bbox 3704 3550 3799 3636; x_wconf 91' lang='lat' dir='ltr'>iis</span> 
     </span>
     <span class='ocr_line' id='line_1_12' title="bbox 1142 3707 3799 3822; baseline 0.002 -30"><span class='ocrx_word' id='word_1_45' title='bbox 1142 3736 1574 3820; x_wconf 80' lang='lat' dir='ltr'>agnoscere</span> <span class='ocrx_word' id='word_1_46' title='bbox 1639 3707 1809 3819; x_wconf 88' lang='lat' dir='ltr'>pias</span> <span class='ocrx_word' id='word_1_47' title='bbox 1875 3737 2104 3793; x_wconf 89' lang='lat' dir='ltr'>curas</span> <span class='ocrx_word' id='word_1_48' title='bbox 2133 3774 2151 3810; x_wconf 96' lang='lat'>,</span> <span class='ocrx_word' id='word_1_49' title='bbox 2244 3738 2439 3819; x_wconf 89' lang='lat' dir='ltr'>quas</span> <span class='ocrx_word' id='word_1_50' title='bbox 2505 3710 2941 3795; x_wconf 89' lang='lat' dir='ltr'>animarum</span> <span class='ocrx_word' id='word_1_51' title='bbox 3032 3719 3432 3799; x_wconf 83' lang='lat' dir='ltr'>curatores</span> <span class='ocrx_word' id='word_1_52' title='bbox 3507 3712 3799 3822; x_wconf 87' lang='lat' dir='ltr'>aliique</span> 
     </span>
     <span class='ocr_line' id='line_1_13' title="bbox 1142 3868 3799 3983; baseline 0.003 -31"><span class='ocrx_word' id='word_1_53' title='bbox 1142 3875 1490 3954; x_wconf 88' lang='lat' dir='ltr'>rectores</span> <span class='ocrx_word' id='word_1_54' title='bbox 1555 3868 2091 3954; x_wconf 80' lang='lat' dir='ltr'>Ecclesiarum</span> <span class='ocrx_word' id='word_1_55' title='bbox 2159 3900 2202 3956; x_wconf 94' lang='lat' dir='ltr'>e</span> <span class='ocrx_word' id='word_1_56' title='bbox 2272 3870 2590 3957; x_wconf 90' lang='lat' dir='ltr'>civitate</span> <span class='ocrx_word' id='word_1_57' title='bbox 2666 3872 2818 3958; x_wconf 90' lang='lat' dir='ltr'>ista</span> <span class='ocrx_word' id='word_1_58' title='bbox 2904 3873 3237 3983; x_wconf 87' lang='lat' dir='ltr'>aliisque</span> <span class='ocrx_word' id='word_1_59' title='bbox 3293 3874 3520 3960; x_wconf 85' lang='lat' dir='ltr'>istius</span> <span class='ocrx_word' id='word_1_60' title='bbox 3584 3874 3799 3960; x_wconf 92' lang='lat' dir='ltr'>dioe-</span> 
     </span>
     <span class='ocr_line' id='line_1_14' title="bbox 1144 4028 3802 4146; baseline 0.001 -31"><span class='ocrx_word' id='word_1_61' title='bbox 1144 4030 1344 4116; x_wconf 87' lang='lat' dir='ltr'>cesis</span> <span class='ocrx_word' id='word_1_62' title='bbox 1407 4028 1601 4116; x_wconf 89' lang='lat' dir='ltr'>locis</span> <span class='ocrx_word' id='word_1_63' title='bbox 1668 4030 2097 4134; x_wconf 87' lang='lat' dir='ltr'>contulere,</span> <span class='ocrx_word' id='word_1_64' title='bbox 2165 4039 2255 4117; x_wconf 88' lang='lat' dir='ltr'>ut</span> <span class='ocrx_word' id='word_1_65' title='bbox 2317 4032 2658 4117; x_wconf 85' lang='lat' dir='ltr'>indictae</span> <span class='ocrx_word' id='word_1_66' title='bbox 2723 4062 2769 4117; x_wconf 94' lang='lat' dir='ltr'>a</span> <span class='ocrx_word' id='word_1_67' title='bbox 2836 4034 3082 4119; x_wconf 83' lang='lat' dir='ltr'>Nobis</span> <span class='ocrx_word' id='word_1_68' title='bbox 3147 4033 3457 4121; x_wconf 87' lang='lat' dir='ltr'>Rosarii</span> <span class='ocrx_word' id='word_1_69' title='bbox 3527 4063 3802 4146; x_wconf 89' lang='lat' dir='ltr'>preces</span> 
     </span>
     <span class='ocr_line' id='line_1_15' title="bbox 1145 4195 3802 4309; baseline 0 -29"><span class='ocrx_word' id='word_1_70' title='bbox 1145 4196 1410 4308; x_wconf 90' lang='lat' dir='ltr'>elapso</span> <span class='ocrx_word' id='word_1_71' title='bbox 1476 4195 1796 4281; x_wconf 88' lang='lat' dir='ltr'>Octobri</span> <span class='ocrx_word' id='word_1_72' title='bbox 1861 4224 2134 4283; x_wconf 88' lang='lat' dir='ltr'>mense</span> <span class='ocrx_word' id='word_1_73' title='bbox 2202 4196 2592 4309; x_wconf 89' lang='lat' dir='ltr'>Deiparae</span> <span class='ocrx_word' id='word_1_74' title='bbox 2657 4196 2966 4309; x_wconf 82' lang='lat' dir='ltr'>Virgini</span> <span class='ocrx_word' id='word_1_75' title='bbox 3031 4227 3077 4281; x_wconf 91' lang='lat' dir='ltr'>a</span> <span class='ocrx_word' id='word_1_76' title='bbox 3141 4196 3503 4284; x_wconf 88' lang='lat' dir='ltr'>fidelibus</span> <span class='ocrx_word' id='word_1_77' title='bbox 3555 4195 3802 4281; x_wconf 91' lang='lat' dir='ltr'>habe-</span> 
     </span>
     <span class='ocr_line' id='line_1_16' title="bbox 1141 4355 3800 4469; baseline -0 -29"><span class='ocrx_word' id='word_1_78' title='bbox 1141 4363 1436 4459; x_wconf 81' lang='lat' dir='ltr'>rentur,</span> <span class='ocrx_word' id='word_1_79' title='bbox 1505 4364 1585 4442; x_wconf 89' lang='lat' dir='ltr'>et</span> <span class='ocrx_word' id='word_1_80' title='bbox 1649 4357 2141 4468; x_wconf 89' lang='lat' dir='ltr'>praeclarum</span> <span class='ocrx_word' id='word_1_81' title='bbox 2197 4385 2288 4442; x_wconf 89' lang='lat' dir='ltr'>ac</span> <span class='ocrx_word' id='word_1_82' title='bbox 2331 4359 2673 4469; x_wconf 82' lang='lat' dir='ltr'>flagrans</span> <span class='ocrx_word' id='word_1_83' title='bbox 2719 4357 3069 4443; x_wconf 91' lang='lat' dir='ltr'>studium</span> <span class='ocrx_word' id='word_1_84' title='bbox 3134 4385 3291 4468; x_wconf 89' lang='lat' dir='ltr'>quo</span> <span class='ocrx_word' id='word_1_85' title='bbox 3356 4357 3627 4444; x_wconf 90' lang='lat' dir='ltr'>fideles</span> <span class='ocrx_word' id='word_1_86' title='bbox 3671 4355 3800 4441; x_wconf 89' lang='lat' dir='ltr'>isti</span> 
     </span>
     <span class='ocr_line' id='line_1_17' title="bbox 1144 4517 3800 4631; baseline -0 -27"><span class='ocrx_word' id='word_1_87' title='bbox 1144 4547 1242 4604; x_wconf 84' lang='lat' dir='ltr'>ex</span> <span class='ocrx_word' id='word_1_88' title='bbox 1306 4518 1518 4603; x_wconf 90' lang='lat' dir='ltr'>omni</span> <span class='ocrx_word' id='word_1_89' title='bbox 1583 4518 1856 4604; x_wconf 92' lang='lat' dir='ltr'>ordine</span> <span class='ocrx_word' id='word_1_90' title='bbox 1923 4517 2232 4604; x_wconf 86' lang='lat' dir='ltr'>Nostris</span> <span class='ocrx_word' id='word_1_91' title='bbox 2296 4518 2500 4605; x_wconf 88' lang='lat' dir='ltr'>votis</span> <span class='ocrx_word' id='word_1_92' title='bbox 2562 4522 3181 4631; x_wconf 82' lang='lat' dir='ltr'>respondenteS,</span> <span class='ocrx_word' id='word_1_93' title='bbox 3248 4518 3511 4605; x_wconf 89' lang='lat' dir='ltr'>oblata</span> <span class='ocrx_word' id='word_1_94' title='bbox 3574 4547 3800 4604; x_wconf 90' lang='lat' dir='ltr'>occa-</span> 
     </span>
     <span class='ocr_line' id='line_1_18' title="bbox 1142 4677 3802 4783; baseline 0 -20"><span class='ocrx_word' id='word_1_95' title='bbox 1142 4677 1361 4764; x_wconf 83' lang='lat' dir='ltr'>sione</span> <span class='ocrx_word' id='word_1_96' title='bbox 1427 4678 1788 4764; x_wconf 88' lang='lat' dir='ltr'>certatim</span> <span class='ocrx_word' id='word_1_97' title='bbox 1831 4677 1955 4763; x_wconf 91' lang='lat' dir='ltr'>usi</span> <span class='ocrx_word' id='word_1_98' title='bbox 2000 4686 2209 4783; x_wconf 90' lang='lat' dir='ltr'>sunt,</span> <span class='ocrx_word' id='word_1_99' title='bbox 2257 4687 2347 4765; x_wconf 89' lang='lat' dir='ltr'>ut</span> <span class='ocrx_word' id='word_1_100' title='bbox 2397 4680 2765 4768; x_wconf 84' lang='lat' dir='ltr'>Sanctam</span> <span class='ocrx_word' id='word_1_101' title='bbox 2831 4679 2983 4766; x_wconf 92' lang='lat' dir='ltr'>Dei</span> <span class='ocrx_word' id='word_1_102' title='bbox 3047 4681 3384 4765; x_wconf 90' lang='lat' dir='ltr'>Matrem</span> <span class='ocrx_word' id='word_1_103' title='bbox 3429 4678 3802 4782; x_wconf 88' lang='lat' dir='ltr'>colerent,</span> 
     </span>
     <span class='ocr_line' id='line_1_19' title="bbox 1143 4838 3803 4952; baseline -0 -27"><span class='ocrx_word' id='word_1_104' title='bbox 1143 4839 1472 4950; x_wconf 82' lang='lat' dir='ltr'>eiusque</span> <span class='ocrx_word' id='word_1_105' title='bbox 1537 4838 2015 4952; x_wconf 86' lang='lat' dir='ltr'>praesidium</span> <span class='ocrx_word' id='word_1_106' title='bbox 2080 4838 2231 4924; x_wconf 88' lang='lat' dir='ltr'>sibi</span> <span class='ocrx_word' id='word_1_107' title='bbox 2297 4846 2377 4926; x_wconf 90' lang='lat' dir='ltr'>et</span> <span class='ocrx_word' id='word_1_108' title='bbox 2420 4840 2827 4926; x_wconf 86' lang='lat' dir='ltr'>Ecclesiae</span> <span class='ocrx_word' id='word_1_109' title='bbox 2871 4845 2991 4926; x_wconf 88' lang='lat' dir='ltr'>tot</span> <span class='ocrx_word' id='word_1_110' title='bbox 3034 4839 3369 4925; x_wconf 88' lang='lat' dir='ltr'>iactatae</span> <span class='ocrx_word' id='word_1_111' title='bbox 3433 4839 3803 4924; x_wconf 87' lang='lat' dir='ltr'>fluctibus</span> 
     </span>
     <span class='ocr_line' id='line_1_20' title="bbox 1139 4998 3802 5111; baseline 0.001 -27"><span class='ocrx_word' id='word_1_112' title='bbox 1139 4998 1536 5110; x_wconf 89' lang='lat' dir='ltr'>frequenti</span> <span class='ocrx_word' id='word_1_113' title='bbox 1601 5002 1700 5084; x_wconf 91' lang='lat' dir='ltr'>ad</span> <span class='ocrx_word' id='word_1_114' title='bbox 1763 5000 2059 5110; x_wconf 91' lang='lat' dir='ltr'>templa</span> <span class='ocrx_word' id='word_1_115' title='bbox 2125 5029 2511 5086; x_wconf 88' lang='lat' dir='ltr'>concursu</span> <span class='ocrx_word' id='word_1_116' title='bbox 2596 5000 3127 5111; x_wconf 84' lang='lat' dir='ltr'>implorarent.</span> <span class='ocrx_word' id='word_1_117' title='bbox 3218 5002 3402 5086; x_wconf 93' lang='lat' dir='ltr'>Iure</span> <span class='ocrx_word' id='word_1_118' title='bbox 3480 5028 3572 5084; x_wconf 88' lang='lat' dir='ltr'>ac</span> <span class='ocrx_word' id='word_1_119' title='bbox 3634 5013 3802 5086; x_wconf 48' lang='lat' dir='ltr'>me*-</span> 
     </span>
     <span class='ocr_line' id='line_1_21' title="bbox 1138 5159 3803 5273; baseline 0.001 -29"><span class='ocrx_word' id='word_1_120' title='bbox 1138 5159 1315 5264; x_wconf 90' lang='lat' dir='ltr'>rit0,</span> <span class='ocrx_word' id='word_1_121' title='bbox 1382 5160 1577 5246; x_wconf 88' lang='lat' dir='ltr'>Ven.</span> <span class='ocrx_word' id='word_1_122' title='bbox 1644 5161 1949 5264; x_wconf 83' lang='lat' dir='ltr'>Frater,</span> <span class='ocrx_word' id='word_1_123' title='bbox 2017 5159 2218 5246; x_wconf 90' lang='lat' dir='ltr'>haec</span> <span class='ocrx_word' id='word_1_124' title='bbox 2285 5159 2572 5246; x_wconf 84' lang='lat' dir='ltr'>eximia</span> <span class='ocrx_word' id='word_1_125' title='bbox 2634 5159 2953 5272; x_wconf 88' lang='lat' dir='ltr'>pietatis</span> <span class='ocrx_word' id='word_1_126' title='bbox 3020 5167 3491 5273; x_wconf 83' lang='lat' dir='ltr'>argumenta</span> <span class='ocrx_word' id='word_1_127' title='bbox 3555 5190 3601 5245; x_wconf 88' lang='lat' dir='ltr'>a</span> <span class='ocrx_word' id='word_1_128' title='bbox 3664 5168 3803 5247; x_wconf 91' lang='lat' dir='ltr'>tuo</span> 
     </span>
     <span class='ocr_line' id='line_1_22' title="bbox 1142 5320 3800 5434; baseline 0 -28"><span class='ocrx_word' id='word_1_129' title='bbox 1142 5351 1392 5434; x_wconf 77' lang='lat' dir='ltr'>grege</span> <span class='ocrx_word' id='word_1_130' title='bbox 1458 5320 1810 5409; x_wconf 82' lang='lat' dir='ltr'>exhibita</span> <span class='ocrx_word' id='word_1_131' title='bbox 1873 5328 1953 5407; x_wconf 89' lang='lat' dir='ltr'>te</span> <span class='ocrx_word' id='word_1_132' title='bbox 2019 5329 2357 5432; x_wconf 90' lang='lat' dir='ltr'>tuosque</span> <span class='ocrx_word' id='word_1_133' title='bbox 2425 5330 2972 5433; x_wconf 86' lang='lat' dir='ltr'>cooperatores</span> <span class='ocrx_word' id='word_1_134' title='bbox 3027 5325 3125 5406; x_wconf 90' lang='lat' dir='ltr'>ad</span> <span class='ocrx_word' id='word_1_135' title='bbox 3169 5321 3513 5408; x_wconf 90' lang='lat' dir='ltr'>divinam</span> <span class='ocrx_word' id='word_1_136' title='bbox 3573 5322 3800 5408; x_wconf 93' lang='lat' dir='ltr'>boni-</span> 
     </span>
    </p>
   </div>
  </div>
 </body>
</html>
