4497 6714
1378 788 1521 865 108

2209 1073 2874 1205 EPISTOLA

2130 1424 2595 1480 VENERABILI
2661 1423 2934 1479 FRATRI

1446 1587 1768 1642 IOSEPHO
1835 1585 2193 1643 EPISCOPO
2259 1584 2908 1641 PETROCORICENSI
2971 1584 3065 1638 ET
3132 1581 3615 1639 SARLATENSI.

2925 1745 3432 1802 PETROCORAM

2110 2156 2363 2252 LEO
2431 2156 2633 2251 ΡΡ.
2704 2156 2983 2251 XIII.

2098 2456 2598 2531 VENERABms
2662 2475 2960 2529 FRATER

1558 2660 1561 2667 ·
1632 2637 1978 2693 SALUTEM
2045 2637 2138 2691 ΕΤ
2204 2634 2723 2690 APOSTOLICAM
2787 2634 3437 2690 BENEDICTIONEM.

1224 2833 1465 2980 Tuas
1530 2892 1981 3003 excepimus
2047 2890 2784 2977 observantsssimas
2848 2890 3151 2975 litteras
3235 2888 3361 2974 die
3437 2889 3544 2973 16
3637 2886 3875 2970 huius

1226 3053 1519 3138 mensis
1583 3056 1827 3153 datas
1895 3082 2096 3163 quae
2162 3052 2410 3137 Nobis
2476 3052 2590 3136 tui
2656 3051 2895 3135 animi
2940 3079 3277 3161 angores
3323 3049 3875 3160 significabant

1224 3212 1615 3322 simulque
1683 3242 1981 3315 causas,
2019 3214 2224 3297 unde
2268 3212 2383 3296 illi
2449 3221 2707 3297 ortum
2749 3211 3072 3315 habent,
3120 3211 3718 3322 patefaciebant.
3755 3211 3874 3292 Ea

1226 3401 1429 3482 quae
1495 3379 1574 3457 te
1641 3378 1999 3482 angunt,
2066 3373 2261 3458 Ven.
2329 3374 2648 3474 Frater,
2716 3372 2962 3458 Nobis
3047 3372 3286 3458 etiam
3350 3369 3600 3456 dolori
3665 3375 3871 3472 sunt,

1223 3566 1404 3621 cum
1466 3535 1870 3621 videamus
1935 3535 2460 3620 dissensiones
2523 3535 2730 3620 inter
2796 3534 3222 3621 catholicos
3288 3532 3649 3618 homines
3716 3559 3872 3615 non

1225 3696 1632 3806 quiescere
1699 3698 1838 3780 sed
1901 3694 2382 3780 invalescere
2429 3722 2521 3779 eo
2565 3695 3029 3805 praesertim
3072 3701 3462 3803 tempore,
3512 3720 3666 3801 quo
3717 3691 3872 3774 Ec-

1229 3857 1513 3944 clesiae
1580 3887 1670 3942 ac
1736 3857 2229 3967 publicarum
2293 3885 2560 3942 rerum
2625 3857 2705 3941 in
2740 3858 2891 3940 ista
2935 3857 3258 3967 regione
3306 3855 3645 3942 conditio
3692 3882 3877 3939 con-

1227 4018 1709 4103 iunctionem
1775 4016 2125 4102 omnium
2189 4017 2626 4102 animorum
2691 4025 2771 4102 et
2833 4016 3119 4101 virium
3183 4016 3521 4101 maxime
3605 4019 3878 4125 postu-

1228 4179 1397 4262 lant
1461 4182 1832 4263 adversus
1901 4149 2355 4262 communes
2418 4175 2715 4279 hosteS,
2783 4179 2882 4260 ad
2947 4176 3268 4261 consilia
3332 4205 3614 4285 nempe
3672 4204 3878 4258 mas-

1233 4338 1544 4424 sonicae
1612 4336 2008 4423 societatis
2074 4337 2531 4423 disiicienda
2598 4345 2678 4422 et
2741 4336 3084 4447 impetus
3128 4337 3716 4447 propulsandos,
3784 4335 3878 4416 In

1229 4496 1357 4582 his
1421 4503 1866 4608 temporum
1931 4526 2021 4581 ac
2085 4526 2352 4582 rerum
2419 4496 2972 4607 asperitatibus
3040 4489 3239 4607 quae
3326 4496 3428 4581 sit
3492 4463 3881 4582 sentiendi

1234 4665 1314 4743 et
1379 4657 1667 4767 agendi
1730 4657 1965 4759 ratio,
2052 4685 2289 4767 quam
2351 4657 2625 4741 fideles
2708 4656 2933 4766 sequi
3015 4663 3371 4766 oporteat
3406 4722 3424 4759 ‚
3493 4685 3694 4766 quae
3780 4654 3883 4738 sit

1233 4846 1505 4902 norma
1569 4819 1668 4900 ad
1733 4845 1970 4926 quam
2032 4846 2214 4901 suas
2281 4823 2587 4902 mentes
2652 4823 2733 4901 et
2798 4844 3035 4926 opera
3099 4815 3441 4926 dirigere
3518 4818 3878 4917 debeant,

1234 4976 1424 5061 satis
1488 4976 1932 5060 luculenter
1997 4982 2322 5086 apparet
2386 5004 2484 5061 ex
2548 4975 2923 5060 doctrinis
3023 4978 3120 5059 ab
3194 4975 3345 5061 hac
3434 4974 3884 5086 Apostolica

1234 5137 1436 5223 Sede
1501 5136 1833 5239 traditis,
1901 5165 2102 5246 quae
2192 5144 2364 5220 tum
2444 5137 2525 5220 in
2601 5136 2910 5243 Syllabo
2976 5136 3305 5247 aliisque
3392 5135 3883 5240 documentis

1238 5296 1562 5380 illustris
1627 5295 2061 5380 decessoris
2127 5295 2451 5399 Nostri,
2519 5303 2689 5379 tum
2754 5296 2833 5380 in
2899 5297 3207 5382 Nostris
3273 5296 3684 5405 encyclicis
3754 5296 3883 5380 lit-
