4497 6714
3196 771 3338 847 181

849 949 1121 1038 Nostri
1195 954 1373 1038 Iesu
1462 955 1765 1055 Christi,
1830 960 1977 1039 sive
2022 958 2314 1040 deserta
2378 960 2619 1041 meent
2688 954 3093 1065 Carth-ayo,
3167 960 3315 1040 sive
3379 985 3499 1038 rc-

844 1118 1119 1224 suryat
1151 1117 1482 1225 ylorz‘osa
1545 1118 1972 1226 aliquando.
2061 1118 2226 1201 Hoc
2292 1146 2384 1200 ex
2468 1119 2763 1201 concilio
2829 1117 2893 1200 b.
2940 1120 3305 1225 martyris
3352 1115 3498 1224 Cy-

834 1280 1138 1385 priani:
1199 1279 1332 1360 hoc
1395 1306 1488 1359 esc
1551 1280 1856 1385 synodis
1919 1274 2252 1361 Aurelii:
2317 1281 2448 1362 hoc
2524 1307 2617 1362 cx
2698 1277 3027 1362 omnibus
3099 1272 3505 1385 Africanis

850 1436 1170 1519 cmecz‘lz‘els
1186 1464 1220 1535 ;
1282 1438 1439 1535 hoc,
1508 1439 1707 1546 quod
1763 1442 2006 1521 maius
2070 1440 2201 1537 est,
2281 1467 2375 1522 cx
2455 1437 2971 1521 venerabilium
3051 1438 3499 1520 Pracdeces-

850 1624 1100 1681 sorum
1195 1597 1640 1682 Nostrorum
1733 1625 2207 1682 romanorum
2304 1598 2752 1682 Praesulum
2858 1601 3165 1681 decretis
3250 1600 3502 1707 aperta

852 1760 1339 1841 monstratur.

1041 1911 1334 1997 Verum
1401 1942 1559 1999 non
1625 1912 2013 2023 dignitate
2079 1913 2359 2017 solum,
2426 1916 2566 2000 sed
2630 1913 2868 1999 etiam
2904 1912 3507 1998 christianarum

858 2069 1241 2154 virtutum
1308 2100 1398 2155 ac
1462 2071 1927 2157 nominatim
1993 2074 2472 2159 fortitudinis
2519 2054 2900 2184 exemplis
2945 2074 3110 2158 visa
3155 2081 3277 2159 est
3320 2073 3509 2158 Oar-

853 2231 1099 2344 thago
1164 2235 1661 2321 antecellere.
1728 2235 2069 2339 Etenim,
2135 2235 2201 2321 si
2268 2239 2455 2321 urbs
2518 2238 2774 2322 Roma
2838 2236 3308 2347 excipiatur,
3375 2235 3506 2320 vix

855 2394 1008 2479 alia
1070 2396 1509 2508 reperietur
1572 2397 1845 2483 civitas
1910 2427 2112 2508 quae
2176 2405 2297 2484 tot
2349 2406 2724 2506 martyres
2789 2428 2880 2484 ac
2945 2405 3107 2483 tam
3152 2397 3504 2509 praecla-

859 2585 989 2642 ros
1054 2558 1460 2644 Ecclesiae
1528 2559 1907 2669 caeloque
1973 2558 2366 2670 genuerit.
2454 2559 3050 2646 Praedicatione
3130 2566 3210 2644 et
3295 2557 3515 2643 cultu

859 2744 1081 2802 serae
1146 2716 1627 2826 posteritatis
1692 2719 1973 2805 florent
2034 2748 2222 2830 prae
2291 2718 2572 2805 ceteris
2637 2721 3033 2829 Perpetua
3098 2725 3179 2804 et
3222 2715 3513 2802 Felici-

863 2883 1007 2980 taS,
1073 2905 1215 2987 par
1276 2877 1747 2963 feminarum
1810 2878 2388 2964 nobilissimum
2422 2945 2441 2982 ,
2510 2907 2843 2989 quarum
2906 2885 3128 2964 tanto
3192 2877 3512 2962 mirabi-

863 3035 1012 3122 lior
1078 3036 1448 3138 victoria,
1516 3047 1810 3148 quanto
1875 3040 2171 3125 diutius
2237 3069 2419 3125 cum
2484 3038 3082 3150 quaesitissimis
3149 3037 3514 3123 cruciati-

857 3200 1006 3283 bus
1069 3198 1480 3284 infirmitas
1544 3228 1779 3286 sexus
1843 3200 2267 3286 dimicavit.
2336 3200 2503 3286 Nec
2567 3198 2828 3285 minus
2891 3198 3180 3307 inclyta
3244 3197 3514 3310 magni

863 3359 1226 3472 Cypriani
1290 3359 1572 3472 palma.
1641 3362 1844 3445 Nam
1909 3360 2327 3448 sanctitate
2393 3369 2474 3448 et
2535 3363 2774 3446 rebus
2837 3360 3088 3472 gestis
3185 3359 3516 3446 Cartha-

860 3519 1130 3631 ginem
1167 3585 1187 3625 ,
1255 3520 1434 3606 stilo
1499 3529 1581 3607 et
1644 3521 1929 3607 litteris
2017 3521 2533 3607 christianum
2601 3551 2890 3609 nomen
2966 3551 3145 3606 cum
3227 3522 3516 3607 multos

863 3712 1109 3770 annos
1175 3684 1669 3769 nobilitasset
1704 3748 1723 3785 ,
1790 3685 1889 3767 ad
1953 3691 2396 3769 extremum
2461 3683 2543 3767 in
2605 3683 2865 3769 media
2928 3682 3287 3801 Ecclesia
3350 3712 3514 3787 sua,

864 3845 1404 3956 spectantibus
1469 3843 1564 3928 iis
1631 3872 1828 3953 quos
1893 3842 2060 3954 ipse
2125 3846 2225 3928 ad
2278 3843 2734 3952 martyrium
2777 3843 3247 3948 instituerat,
3291 3871 3518 3954 prae-

865 4006 1295 4092 clarissima
1361 4004 1848 4090 confessione
1912 4005 2330 4090 defunctus
2395 4004 2635 4090 vitam
2702 4033 2881 4089 cum
2945 4005 3331 4116 sanguine
3375 4033 3516 4116 pro

872 4167 1187 4254 Christo
1251 4167 1507 4251 libens
1571 4165 1942 4277 profudit.

1064 4326 1328 4438 Atque
1394 4326 1590 4410 illud
1656 4355 1971 4437 quoque
2028 4327 2489 4413 memoriam
2535 4326 3210 4439 Carthaginiensis
3244 4328 3522 4414 Eccle-

876 4490 1039 4577 siae
1104 4518 1260 4575 non
1326 4518 1606 4600 parum
1672 4491 2193 4578 commendat.
2262 4487 2668 4574 Africanos
2734 4489 3139 4601 episcopos
3203 4492 3303 4574 ad
3346 4518 3524 4576 eam

875 4659 1160 4739 vocatu
1225 4649 1821 4762 Archiepiscopi
1868 4652 2284 4738 convenire
2331 4651 2625 4755 solitOS,
2670 4654 2768 4738 de
2805 4651 3353 4737 communibus
3396 4680 3523 4738 re-

870 4812 1190 4924 ligionis
1254 4811 1599 4924 negotiis
1664 4841 1822 4897 una
1885 4812 2480 4899 deliberaturos
2550 4811 2664 4896 Ac
2728 4813 2956 4923 plura
3021 4812 3337 4922 quidem
3405 4813 3524 4899 di-

874 4972 1120 5059 versis
1183 4972 1673 5084 temporibus
1740 4971 2157 5058 condidere
2223 4972 2618 5084 sapienter
2657 4974 2998 5071 decreta,
3078 5001 3176 5059 ex
3242 4974 3527 5085 quibus

878 5160 1034 5219 non
1098 5162 1350 5244 pauca
1415 5140 1883 5245 supersunt,
1952 5141 2033 5217 et
2098 5161 2435 5243 quorum
2499 5133 2625 5219 vel
2723 5136 2822 5218 ad
2907 5134 3528 5246 comprimendas

880 5294 1276 5400 haereseS,
1343 5296 1468 5382 vel
1533 5298 1632 5381 ad
1696 5324 2000 5381 morum
2067 5294 2558 5405 disciplinam
2622 5295 2704 5380 in
2770 5297 3000 5383 Clero
3085 5298 3531 5410 populoque
