4497 6714
1189 757 1242 833 2

1039 932 1510 1045 religionem
1594 936 1830 1023 latius
1914 943 2501 1051 propagandam
2564 941 3338 1054 provehendamque,
3407 973 3690 1056 oppor-

1039 1101 1233 1179 tuna
1295 1095 1377 1180 in
1440 1098 1780 1183 Domino
1846 1098 2385 1206 iudicaverint,
2473 1110 2937 1213 proponant.
3018 1104 3376 1190 Iamvero
3443 1132 3690 1214 quum

1040 1256 1530 1343 Venerabilis
1624 1260 1905 1345 Frater
2000 1263 2289 1348 Noster
2384 1264 2719 1349 Ioannes
2795 1263 2870 1349 S.
2938 1265 3031 1348 Ε.
3099 1266 3197 1348 R.
3267 1267 3689 1375 Presbyter

1042 1420 1473 1505 Cardinalis
1537 1422 1713 1507 Mac
1782 1423 2116 1532 Closkey
2180 1454 2280 1511 ex
2353 1423 2934 1536 dispensatione
3009 1424 3464 1537 Apostolica
3537 1426 3687 1510 Ar-

1038 1581 1587 1695 chiepiscopus
1652 1586 2390 1672 Neo-Eboracensis
2456 1589 2781 1673 adversa
2863 1587 3311 1673 detineatur
3385 1590 3690 1675 valetu-

1031 1743 1237 1845 dine,
1304 1743 1500 1849 Tibi,
1570 1744 2059 1831 Venerabilis
2103 1748 2405 1847 Frater,
2454 1746 2676 1830 cuius
2721 1745 3006 1832 eximia
3050 1746 3328 1856 pietaS,
3395 1747 3685 1833 doctri-
3837 1750 3838 1753 ‘

1029 1934 1176 1991 nae
1223 1935 1313 1991 ac
1356 1880 1816 2017 prudentiae
1861 1908 2055 2009 lauS,
2103 1906 2683 2018 singularisque
2750 1937 2942 2018 erga
2987 1908 3354 1995 Sanctam
3400 1907 3685 1993 Sedem

1026 2063 1561 2175 Apostolicam
1624 2065 1818 2150 fides
1885 2071 1966 2151 et
2029 2065 2554 2168 observantia,
2622 2074 3037 2176 perspecta
3103 2066 3350 2152 Nobis
3418 2075 3539 2153 est
3604 2074 3684 2152 et

1029 2227 1455 2337 explorata,
1521 2229 1962 2337 praefatum
2049 2226 2447 2312 indicendi
2513 2226 3150 2336 convocandique
3218 2227 3681 2330 Concilium,

1026 2384 1258 2495 eique
1322 2385 1818 2496 praesidendi
1884 2415 2194 2487 munuS,
2283 2385 2738 2497 Apostolica
2812 2386 3304 2472 Auctoritate
3370 2388 3680 2492 Nostra,

1023 2545 1308 2630 harum
1372 2546 1852 2633 Litterarum
1918 2547 2018 2651 vi,
2085 2548 2574 2660 delegamus
2642 2548 3023 2633 Volumus
3088 2575 3274 2634 vero
3320 2578 3411 2635 ac
3455 2580 3680 2662 prae-

1026 2704 1381 2817 cipimuS,
1447 2712 1538 2791 ut
1601 2705 1934 2794 huiusce
2028 2706 2359 2794 Concilii
2446 2715 2623 2792 acta
2707 2706 2968 2794 omnia
3046 2715 3127 2793 et
3203 2709 3521 2795 decreta
3584 2714 3682 2795 ad

1026 2865 1391 2953 Sanctam
1458 2867 1740 2954 Sedem
1805 2867 2343 2980 Apostolicam
2408 2898 2549 2981 pro
2616 2873 3074 2956 eorumdem
3147 2870 3534 2957 revisione
3602 2880 3682 2959 et

1020 3027 1563 3139 recognitione
1629 3057 1864 3138 quam
1946 3029 2291 3141 primum
2370 3030 2805 3116 mittantur.
2888 3032 3110 3117 Haec
3185 3032 3681 3117 decernimus

1025 3194 1106 3274 et
1172 3187 1535 3275 iubemus
1598 3218 1756 3276 non
1822 3191 2342 3296 obstantibus,
2388 3192 2575 3277 licet
2618 3191 2940 3304 speciali
2998 3199 3236 3303 atque
3282 3192 3682 3280 individua

1023 3348 1423 3437 mentione
1487 3380 1578 3437 ac
1643 3351 2155 3464 derogatione
2199 3351 2485 3465 dignis,
2533 3351 2614 3437 in
2674 3352 3152 3439 contrarium
3210 3352 3678 3441 facientibus

1024 3509 1680 3621 quibuscumque.

1209 3671 1507 3756 Datum
1571 3674 1871 3759 Romae
1936 3676 2144 3785 apud
2211 3675 2587 3762 Sanctum
2654 3677 2981 3763 Petrum
3051 3684 3198 3767 sub
3263 3684 3498 3769 anulo
3543 3683 3679 3767 Pi-

1023 3830 1349 3917 scatoris
1414 3830 1541 3918 die
1606 3863 1684 3917 1v
1749 3835 2094 3919 Ianuarii
2169 3863 2705 3921 Mocchxxxw
2732 3904 2750 3941 ,
2831 3841 3348 3929 Pontificatus
3411 3844 3680 3930 Nostri

1025 4022 1229 4078 anno
1294 3999 1542 4080 sexto.

2512 4325 2678 4407 TH.
2749 4324 2988 4408 Onu).
3058 4327 3421 4409 MERTE
3433 4329 3489 4409 L
