4497 6714
1252 797 1355 874 64

1099 979 1684 1063 sublevandam.
1752 984 1903 1067 Sccl
1952 988 2349 1095 propferea
2406 986 2691 1093 paimei
2720 1046 2741 1080 ,
2828 986 2918 1061 ut
2982 978 3223 1062 verba
3286 1006 3758 1088 usurpemus

1100 1136 1551 1249 Augustini,
1620 1146 1732 1228 vel
1773 1150 2053 1255 putari
2110 1148 2382 1245 volant,
2449 1148 2938 1228 christianam
2986 1146 3396 1226 doctrinam
3458 1144 3770 1225 utilitati

1097 1332 1242 1388 non
1306 1313 1683 1390 convenire
1745 1309 2210 1418 reipublicae,
2263 1313 2438 1418 qm'a
2503 1310 2764 1390 nolemt
2814 1310 3018 1389 stam
3065 1306 3578 1415 remgmbbicam
3598 1305 3760 1413 fir-

1100 1472 1349 1552 mitate
1384 1473 1760 1569 virtutum,
1804 1473 1938 1553 sed
1975 1475 2404 1581 impunitate
2439 1474 2777 1552 vz'z‘zbram
2812 1456 2865 1547 ¹.
2907 1513 3025 1528 —
3063 1463 3362 1567 Quibus
3397 1461 3758 1572 cognitiS,

1100 1620 1253 1708 hoc
1320 1632 1530 1710 esset
1585 1626 1794 1710 civili
1837 1627 2303 1737 prudentiae
2352 1627 2772 1711 admodum
2819 1652 3288 1736 congruenS,
3335 1631 3415 1708 et
3458 1621 3760 1706 incolu-

1103 1785 1358 1870 mitati
1426 1788 1822 1871 communi
1888 1789 2476 1891 necessarium,
2562 1788 2958 1899 principes
3045 1794 3125 1872 et
3206 1786 3538 1897 populos
3601 1812 3760 1869 non

1104 1974 1285 2030 oum
1350 1949 1842 2033 Massonibus
1907 1952 2005 2034 ad
2080 1951 2707 2036 labefactandam
2771 1950 3210 2035 Ecclesiam
3246 2015 3264 2052 ,
3354 1950 3495 2034 sed
3580 1976 3758 2031 cum

1102 2108 1459 2192 Ecclesia
1522 2113 1620 2194 ad
1684 2112 2160 2221 frangendos
2224 2084 2681 2196 Ma'ssonum
2747 2111 3087 2222 impetus
3154 2110 3623 2220 conspirare.

1291 2271 1742 2382 Utcumque
1810 2274 1981 2376 erit,
2051 2273 2133 2356 in
2196 2271 2351 2358 hoc
2417 2280 2580 2357 tam
2645 2273 2869 2384 gravi
2932 2300 3022 2356 ac
3087 2271 3320 2355 nimis
3383 2271 3539 2354 iam
3582 2297 3760 2380 per-

1101 2440 1387 2542 vagato
1452 2434 1659 2519 malo
1729 2434 2195 2519 Nostrarum
2264 2442 2384 2519 est
2448 2435 2814 2544 partium,
2858 2433 3366 2519 Venerabiles
3414 2433 3756 2533 FratreS,

1102 2591 1493 2700 applicare
1528 2594 1880 2678 animum
1914 2598 2013 2679 ad
2051 2596 2503 2704 quaerenda
2535 2594 2905 2679 remedia.
2930 2642 3050 2657 —-
3088 2592 3285 2696 Quia
3320 2620 3504 2677 vero
3539 2620 3761 2702 spem

1102 2755 1428 2861 remedii
1494 2757 1872 2865 optimam
1937 2765 2018 2842 et
2082 2758 2610 2842 firmissimam
2675 2756 3193 2867 intelligimus
3260 2784 3431 2842 esse
3479 2755 3559 2839 in
3601 2754 3757 2839 vir-

1102 2922 1273 3001 tute
1338 2917 1567 3002 sitam
1633 2920 2041 3030 religionis
2106 2920 2444 3022 divinae,
2514 2947 2748 3029 quam
2814 2927 3033 3004 tanto
3089 2919 3313 3030 peius
3358 2920 3761 3003 Massones

1104 3078 1462 3179 oderunt,
1533 3087 1825 3188 quanto
1891 3080 2148 3190 magis
2213 3080 2808 3191 pertimescunt,
2857 3080 3033 3165 ideo
3080 3088 3313 3189 caput
3359 3108 3531 3164 esse
3577 3108 3761 3164 cen-

1102 3270 1367 3327 semus
1430 3243 2031 3329 saluberrimam
2116 3244 2350 3328 istam
2424 3247 2796 3329 adversus
2886 3271 3384 3329 communem
3447 3239 3761 3327 hostem

1102 3408 1560 3512 advocatam
1622 3404 1998 3491 adhibere
2064 3406 2463 3491 virtutem.
2523 3409 2803 3516 Itaque
2870 3435 3416 3517 quaecumque
3460 3405 3764 3491 romani

1103 3567 1530 3653 Pontifices
1594 3569 2072 3670 Decessores
2158 3567 2424 3652 Nostri
2502 3571 3021 3653 decreverunt
3086 3568 3420 3679 inceptis
3485 3576 3565 3651 et
3630 3595 3761 3652 co-

1104 3728 1417 3812 natibus
1481 3736 1743 3815 sectae
1831 3730 2285 3813 Massonum
2368 3727 2926 3838 impediendis:
3012 3756 3559 3838 quaecumque
3625 3735 3762 3811 aut

1105 3891 1554 3976 deterrendi
1619 3891 1716 3973 ab
1784 3889 2166 3974 eiusmodi
2234 3888 2747 3973 societatibus
2813 3896 2950 3973 aut
3014 3889 3430 3974 revocandi
3488 3918 3764 3974 caussa

1105 4058 1588 4152 sanxerunt,
1690 4049 1950 4134 omnia
2047 4050 2209 4134 Nos
2295 4056 2375 4134 et
2462 4048 2776 4160 singula
2841 4056 3009 4134 rata
3073 4049 3459 4135 habemus
3524 4058 3762 4161 atque

1106 4213 1571 4297 auctoritate
1641 4213 1927 4297 Nostra
1970 4211 2426 4323 Apostolica
2473 4213 3046 4297 confirmamus.
3105 4215 3198 4296 In
3243 4241 3398 4323 quo
3446 4213 3762 4323 quidem

1105 4372 1533 4483 plurimum
1607 4373 2010 4457 voluntate
2099 4370 2706 4456 christianorum
2794 4372 3116 4475 confisi,
3200 4401 3343 4482 per
3428 4373 3764 4458 salutem

1107 4535 1462 4646 singulos
1528 4565 1752 4620 suam
1816 4565 2230 4645 precamur
2295 4564 2957 4646 quaesumusque,
3026 4543 3116 4620 ut
3180 4534 3547 4646 religioni
3620 4532 3763 4617 ha-

1105 4698 1347 4781 beant
1411 4696 1534 4781 vel
1578 4695 1992 4780 minimum
2036 4697 2134 4780 ab
2181 4696 2278 4780 iis
2323 4697 2749 4798 discedere,
2797 4725 2998 4806 quae
3056 4694 3205 4781 hac
3249 4699 3349 4781 de
3393 4724 3477 4781 re
3523 4695 3766 4783 Sedes

1107 4859 1561 4972 Apostolica
1622 4860 2140 4972 praeceperit.

1294 5021 1452 5107 Vos
1516 5027 1807 5123 autem,
1873 5020 2385 5106 Venerabiles
2453 5022 2797 5125 Fratres,
2849 5048 3248 5130 rogamus,
3293 5018 3763 5130 flagitamUS,

1275 5377 1291 5418 ¹
1342 5373 1555 5461 Epist.
1608 5394 1920 5456 cxxxvu,
1972 5374 2055 5440 al.
2105 5395 2200 5457 111,
2252 5374 2336 5437 ad
2384 5374 2818 5439 Volusianum
2866 5397 2920 5439 c.
2972 5396 3037 5458 v,
3088 5398 3152 5439 11.
3201 5375 3305 5438 520.
