4497 6714
1260 788 1406 865 154

1099 978 1418 1079 propter
1482 971 1797 1056 inclitus
1863 974 2253 1058 Decessor
2319 940 2605 1059 Noster
2671 976 2799 1060 sel.
2878 1005 3033 1060 rec.
3114 977 3304 1060 Pius
3371 978 3492 1058 IX
3559 973 3758 1057 nihil

1099 1134 1199 1215 ad
1260 1131 1666 1241 religionis
1731 1133 2308 1218 incrementum
2376 1135 2673 1237 utilius,
2745 1138 2844 1219 ad
2909 1136 3402 1221 Pontificiam
3446 1134 3756 1218 munifi-

1100 1293 1440 1377 centiam
1506 1294 2020 1404 opportunius
2068 1294 2542 1379 existimavit
2586 1325 2821 1405 quam
2869 1297 3301 1407 providere,
3350 1304 3437 1380 ut
3483 1262 3758 1405 que-m-

1097 1458 1517 1539 admodum
1583 1457 1849 1565 plures
1916 1485 2013 1541 ex
2080 1456 2252 1540 aliis
2320 1457 3133 1562 exterisnationibus
3202 1459 3314 1543 sic
3379 1457 3758 1545 foederati

1094 1616 1504 1702 Americae
1542 1618 2189 1729 Septentrionalis
2258 1627 2508 1703 status
2575 1650 2799 1704 suam
2872 1621 2955 1704 in
2998 1623 3214 1707 Urbe
3281 1625 3599 1706 domum
3646 1620 3758 1703 al-

1095 1780 1374 1866 tricem
1439 1780 1846 1885 haberent,
1915 1782 1996 1865 in
2095 1810 2251 1892 qua
2347 1783 2637 1868 delecti
2736 1784 3073 1869 iuvenes
3159 1782 3400 1867 sacris
3484 1780 3762 1866 studiis

1092 1969 1468 2050 sacraque
1504 1941 1914 2052 disciplina
1959 1941 2445 2043 instituendi,
2485 1945 2581 2025 ad
2621 1945 3151 2035 exercendum
3186 1940 3467 2025 deinde
3503 1939 3584 2022 in
3620 1969 3756 2049 pa-

1092 2101 1242 2186 tria
1285 2132 1428 2185 sua
1491 2102 1716 2186 uberi
1783 2131 1963 2186 cum
2008 2105 2273 2187 fructu
2316 2103 2811 2188 sacerdotale
2859 2101 3407 2203 ministerium,
3446 2099 3758 2210 excipe-

1092 2272 1387 2350 rentur.
1436 2313 1557 2327 —
1625 2263 1849 2368 Quod
1913 2263 2250 2349 feliciter
2313 2272 2580 2350 mente
2665 2271 3128 2374 conceperat
3204 2261 3530 2346 illustris
3596 2262 3757 2346 De-

1092 2453 1355 2509 cessor
1417 2425 1727 2525 Noster,
1796 2453 2115 2533 operam
2183 2423 2423 2508 etiam
2494 2423 2734 2526 dedit,
2786 2430 2873 2507 ut
2919 2422 3131 2507 omni
3189 2422 3498 2506 sublata
3541 2449 3757 2505 mora

1090 2586 1188 2667 ad
1252 2585 1550 2668 exitum
1615 2588 2202 2694 perduceretur.
2274 2586 2563 2693 Itaque
2633 2584 2827 2667 Eius
2873 2583 3093 2667 iussu
3156 2612 3202 2666 a
3266 2582 3502 2668 Sacro
3551 2581 3755 2666 Con-

1089 2744 1263 2830 silio
1300 2744 1746 2830 Christiano
1792 2744 2088 2863 nomini
2123 2748 2635 2855 propagando
2685 2750 3046 2854 coempta
3092 2743 3171 2826 in
3216 2744 3415 2827 urbe
3452 2745 3753 2845 domuS,

1090 2932 1289 3013 quae
1357 2903 1770 2990 Sacrarum
1836 2902 2252 3013 Virgilium
2351 2933 2396 2986 a
2491 2904 2959 2989 Visitatione
3051 2901 3439 3012 Deiparae
3522 2908 3754 2985 antea

1086 3067 1365 3169 fuerat,
1433 3063 1789 3174 Collegio
1858 3064 2357 3148 alumnorum
2423 3062 3077 3174 Septentrionalis
3143 3060 3554 3145 Americae
3615 3063 3751 3144 ad-

1087 3224 1320 3328 dicta,
1386 3230 2014 3335 perpetuumque
2081 3224 2163 3307 in
2228 3254 2463 3308 usum
2528 3223 2907 3307 attributa
2951 3230 3116 3326 est3
3165 3221 3558 3331 simulque
3604 3251 3747 3304 an-

1086 3413 1187 3470 110
1263 3385 1496 3471 1858
1565 3385 1691 3470 die
1760 3384 2092 3470 solemni
2158 3383 2490 3470 Sanctae
2557 3383 2706 3470 Dei
2772 3382 3049 3470 Matris
3096 3381 3484 3468 sideribus
3528 3411 3752 3469 rece-

1085 3554 1267 3657 ptae
1332 3548 1429 3631 ab
1499 3511 1779 3631 eodem
1843 3545 2079 3632 Sacro
2148 3544 2494 3630 Consilio
2561 3544 2872 3630 litterae
2908 3545 3161 3647 datae,
3217 3542 3504 3652 quibus
3539 3542 3747 3628 eius-

1085 3710 1266 3794 dem
1334 3707 1672 3818 Collegii
1740 3706 2031 3792 erectio
2096 3735 2238 3817 pro
2305 3706 2726 3791 foederatis
2774 3705 3187 3790 Americae
3263 3703 3745 3814 Septentrio-

1082 3869 1282 3953 nalis
1347 3869 1682 3953 statibus
1746 3870 2340 3954 decernebatur.
2414 3867 2861 3979 Collegium
2930 3867 3248 3977 quidem
3310 3866 3565 3978 ipsum
3629 3868 3745 3953 fe-

1084 4032 1365 4118 licibus
1432 4031 1802 4141 auspiciis
1868 4031 1994 4115 dic
2065 4033 2117 4116 8
2187 4030 2629 4115 decembris
2697 4058 2900 4114 anno
2937 4029 3382 4139 insequenti
3430 4029 3744 4114 dedica-

1084 4201 1254 4279 tum
1325 4202 1487 4280 est:
1556 4196 1694 4278 sed
1761 4199 2027 4278 tamen
2092 4221 2345 4302 usque
2393 4196 2492 4277 ad
2534 4192 2741 4277 hanc
2805 4193 3017 4277 diem
3062 4193 3257 4276 illud
3314 4199 3744 4303 supererat,

1081 4365 1172 4441 ut
1234 4359 1797 4441 documentum
1862 4354 2403 4465 Apostolicum
2450 4358 2838 4458 ederetur,
2885 4384 3041 4464 quo
3089 4355 3345 4465 ipsum
3392 4383 3489 4440 ex
3523 4383 3741 4441 more

1084 4518 1603 4626 institutoque
1670 4515 1906 4600 huius
1970 4515 2471 4625 Apostolicae
2539 4515 2762 4603 Sedis
2829 4515 3247 4601 canonicae
3314 4545 3502 4601 suae
3569 4545 3742 4602 ere-

1083 4678 1362 4764 ctionis
1426 4677 1586 4761 vim
1632 4683 1711 4762 et
1755 4674 2226 4786 dignitatem
2277 4675 2693 4786 acciperet.
2734 4725 2852 4739 —
2888 4675 3082 4760 Eius
3125 4675 3243 4760 rei
3299 4707 3533 4762 causa
3585 4677 3740 4763 Ve-

1082 4837 1473 4924 nerabiles
1539 4838 1856 4920 Fratres
1921 4835 2335 4929 Americae
2401 4837 2760 4923 Borealis
2824 4838 3230 4949 Episcopi,
3312 4839 3446 4950 qui
3510 4870 3743 4951 supe-

1082 4998 1286 5084 riore
1352 5024 1554 5080 anno
1621 5004 1961 5081 exeunte
2028 5000 2125 5081 de
2191 4998 2567 5108 gravibus
2613 4998 3020 5109 religionis
3085 5003 3323 5085 rebus
3367 5002 3620 5086 acturi
3661 5002 3742 5086 in

1082 5155 1289 5240 hanc
1323 5155 1608 5239 almam
1641 5155 1943 5241 Urbem
1990 5165 2553 5260 convenerunt,
2598 5187 2739 5268 per
2781 5158 2975 5243 Ven.
3017 5160 3379 5245 Fratrem
3411 5159 3743 5246 Archie-

1083 5317 1491 5427 piscopum
1538 5314 2197 5400 Baltimorensem
2241 5317 2490 5400 Nobis
2527 5316 2859 5402 fervidas
2894 5348 3172 5428 preces
3217 5320 3609 5424 obtulere,
3654 5328 3744 5406 ut
