4497 6714
1116 840 1119 841 f
1222 807 1363 883 141

1057 994 1218 1073 tate
1285 989 1679 1074 coniuncti
1734 993 1878 1073 sub
1945 998 2080 1073 tua
2144 990 2609 1075 auctoritate
2674 988 3136 1075 necessariis
3200 988 3708 1098 largitionum

1053 1150 1462 1261 praesidiis
1527 1151 1834 1235 afflictis
1911 1149 2324 1237 Seminarii
2391 1152 2627 1235 rebus
2707 1149 3140 1251 consulere,
3177 1147 3464 1231 illustri
3528 1147 3702 1259 piae

1054 1311 1546 1396 liberalitatis
1611 1313 1996 1422 exemplo,
2042 1314 2586 1397 decreverunt.
2675 1313 2849 1395 Hoc
2928 1338 3115 1395 sane
3180 1307 3710 1421 praeclarissi-

1054 1501 1271 1556 mum
1338 1479 1457 1558 est
1500 1472 1649 1557 zeli
1713 1473 1953 1559 vestri
2018 1481 2642 1575 monumentum,
2692 1474 2900 1583 quod
2934 1475 3124 1556 dum
3192 1499 3284 1556 eo
3349 1470 3559 1556 valet
3624 1477 3714 1556 ut

1054 1633 1616 1719 sacerdotalem
1682 1634 2089 1719 caritatem
2155 1641 2236 1719 et
2301 1633 2703 1718 Ecclesiae
2771 1622 3012 1717 decus
3078 1631 3441 1733 illustret,
3502 1630 3712 1716 valet

1053 1792 1292 1877 etiam
1355 1799 1445 1877 ut
1488 1794 1827 1904 amplam
1874 1793 2332 1879 caelestium
2400 1822 2817 1879 munerum
2862 1792 3165 1903 copiam
3221 1791 3460 1877 Vobis
3527 1819 3712 1876 con-

1053 1953 1266 2039 ciliet
1331 1959 1538 2065 apud
1606 1958 1836 2058 Eum,
1906 1955 2040 2066 qui
2126 1955 2276 2040 sibi
2363 1953 2582 2038 ducit
2660 1953 3101 2064 impensum
3189 1952 3570 2062 quidquid
3634 1951 3715 2036 in

1053 2117 1457 2203 Ecclesiae
1528 2147 1717 2203 suae
1765 2117 2132 2203 solatium
2178 2124 2258 2203 et
2301 2117 2724 2202 utilitatem
2771 2122 3165 2226 erogatur.
3204 2112 3376 2196 Tibi
3421 2112 3712 2221 itaque,

1051 2276 1547 2363 Venerabilis
1592 2280 1892 2382 Frater,
1960 2285 2258 2388 tuoque
2316 2277 2543 2362 Olero
2610 2275 3167 2387 amplissimam
3231 2274 3312 2359 in
3377 2272 3714 2360 Domino

1051 2414 1809 2529 commendationem
1852 2443 2272 2527 tribuimus
2317 2443 2804 2553 gratulantes
2847 2439 3117 2525 virtuti
3150 2446 3482 2542 vestrae,
3506 2465 3707 2547 quae

1049 2603 1132 2689 in
1196 2605 1507 2715 magnis
1552 2605 1956 2691 Ecclesiae
2020 2603 2417 2690 laboribus
2486 2631 2639 2688 non
2705 2602 2991 2703 deficit,
3038 2605 3177 2685 sed
3240 2600 3411 2685 Deo
3455 2597 3712 2708 adspi-

1047 2770 1272 2849 rante
1338 2795 1430 2850 ac
1508 2765 1855 2869 iuvante,
1904 2794 2161 2851 coram
2208 2767 2390 2876 Ipso
2457 2771 2538 2849 et
2600 2761 3052 2849 hominibus
3116 2759 3498 2872 singulari
3541 2759 3716 2846 luce

1059 2926 1430 3037 refulget.
1504 2923 1984 3014 Annuentes
2061 2955 2291 3037 porro
2357 2924 2862 3037 postulationi
2951 2930 3159 3025 tuae,
3226 2925 3716 3010 Venerabilis

1049 3087 1353 3189 Frater,
1424 3087 1763 3172 libenter
1827 3089 1923 3173 de
1992 3087 2464 3173 caelestibus
2508 3086 2911 3173 Ecclesiae
2976 3084 3369 3171 thesauris
3435 3116 3714 3173 conce-

1049 3246 1311 3332 dimus
1377 3254 1457 3334 et
1523 3249 1952 3362 elargimur
1977 3297 2010 3353 ,·
2063 3257 2151 3332 ut
2216 3277 2489 3334 omnes
2577 3257 3228 3335 commemoratae
3316 3249 3711 3336 societatis

1042 3411 1350 3497 sodales
1418 3412 1498 3495 in
1555 3441 1728 3498 eam
1797 3411 1950 3495 iam
2008 3411 2294 3497 adlecti
2361 3411 2565 3495 intra
2630 3410 2796 3497 dies
2861 3417 3038 3497 octo
3085 3439 3265 3495 cum
3327 3409 3480 3496 hae
3546 3412 3706 3497 No-

1039 3579 1248 3658 strae
1315 3572 1625 3659 litterae
1691 3572 1785 3656 iis
1841 3573 2387 3684 promulgatae
2459 3572 2774 3675 fuerint,
2823 3573 3003 3658 novi
3070 3578 3336 3657 autem
3401 3573 3704 3659 sodales

1038 3734 1244 3818 intra
1289 3732 1860 3819 hebdomadam
1933 3733 2458 3846 cooptationis
2503 3762 2716 3837 suae,
2765 3763 2913 3820 nec
2959 3763 3115 3820 non
3164 3734 3402 3819 etiam
3446 3734 3522 3838 ii,
3571 3734 3704 3845 qui

1039 3922 1082 3980 e
1147 3893 1366 3979 laicis
1443 3893 1804 3978 fidelibus
1869 3922 1952 3978 se
2020 3894 2273 3979 socios
2347 3901 2428 3979 et
2493 3894 2894 3980 adiutores
2975 3895 3104 4006 pio
3170 3896 3387 4007 operi
3452 3894 3703 3980 adsci-

1036 4062 1289 4160 scunt,
1335 4056 1768 4169 plenariam
1839 4084 2110 4141 omnes
2155 4055 2733 4167 indulgentiam
2798 4057 3044 4142 semel
3080 4057 3329 4167 spatio
3394 4056 3699 4168 praedi-

1038 4217 1141 4302 cti
1209 4218 1582 4329 temporis
1676 4216 2315 4302 lucrifaciendam
2380 4217 2459 4300 in
2524 4219 2773 4304 forma
2856 4218 3262 4305 Ecclesiae
3328 4224 3700 4304 consueta

1034 4377 1409 4487 consequi
1472 4377 1773 4488 possint
1836 4407 1927 4462 ac
1990 4378 2345 4482 valeant3
2416 4407 2747 4489 eamque
2819 4379 3400 4490 indulgentiam
3463 4386 3553 4464 ut
3613 4379 3696 4463 in

1032 4537 1398 4623 solatium
1445 4565 1759 4648 quoque
1805 4536 2241 4621 animarum
2287 4542 2367 4622 in
2412 4539 2870 4650 purgatorio
2912 4540 3370 4651 degentium
3420 4543 3696 4627 cedere

1032 4697 1278 4809 possit
1341 4697 1422 4781 in
1467 4696 1806 4782 Domino
1873 4697 2375 4783 concedimus
2437 4705 2516 4784 et
2560 4699 3090 4811 indulgemus.
3158 4700 3692 4811 Adprecantes

1030 4863 1347 4947 demum
1408 4863 1797 4947 bonorum
1863 4890 2190 4972 operum
2256 4869 2660 4950 auctorem
2733 4865 3023 4970 Deum,
3091 4872 3179 4950 ut
3244 4864 3379 4975 qui
3443 4864 3693 4976 pieta-

1031 5029 1194 5108 tem
1245 5027 1587 5106 vestram
1652 5025 1752 5106 ad
1813 5023 2484 5109 benemerendum
2564 5026 2662 5109 de
2738 5025 3095 5110 Ecclesia
3174 5055 3315 5110 sua
3397 5024 3691 5111 excita-

1028 5183 1162 5287 vit,
1229 5183 1437 5268 idem
1521 5183 1896 5269 bonitatis
1971 5191 2050 5269 et
2139 5185 2578 5296 gratiarum
2676 5217 2995 5271 suarum
3092 5184 3483 5273 thesauris
3550 5212 3688 5271 vos

1025 5342 1321 5429 affatim
1392 5344 1761 5448 cumulet,
1847 5343 2379 5455 Apostolicam
2454 5346 3126 5449 Benedictionem,
3206 5345 3673 5458 praecipuae
