4497 6714
3229 766 3332 848 73

813 953 1045 1031 scunt
1088 954 1420 1057 ereptas,
1469 949 1669 1034 Illuc
1714 979 2027 1060 quoque
2076 952 2452 1036 finitimae
2519 950 2886 1061 regiones
2961 951 3276 1061 publice
3342 981 3481 1064 pe-

809 1108 1307 1219 regrinantes
1369 1110 1664 1220 gratias
1742 1110 2305 1223 impetraturae
2369 1098 2649 1197 devote
2715 1118 3160 1197 accurrunt.
3229 1112 3468 1199 Octo-

811 1268 1068 1355 decim
1133 1298 1320 1356 vcro
1384 1270 1466 1355 in
1530 1271 1739 1355 dicta
1804 1272 2199 1376 Ecclesia,
2287 1271 2536 1359 veluti
2602 1271 3022 1384 collegiali,
3090 1273 3481 1359 beneficia

809 1428 1339 1515 ecclesiastica
1404 1429 1785 1515 anteactis
1863 1433 2349 1544 temporibus
2427 1440 2693 1520 erecta
2755 1435 3200 1536 manebant,
3273 1461 3470 1543 quo-

807 1621 985 1676 rum
1047 1621 1187 1704 pro
1276 1600 1629 1703 tempore
1694 1601 2082 1696 rectoreS,
2138 1595 2581 1681 duodecim
2670 1594 2980 1706 proprie
3046 1595 3128 1679 in
3195 1596 3473 1680 eadem

812 1754 1191 1859 Ecclesia,
1238 1720 1521 1866 reliqui
1555 1724 1823 1841 autem
1855 1755 1935 1840 in
1980 1757 2153 1842 aliis
2221 1757 2570 1868 quinque
2606 1754 3230 1858 ParochialibuS,
3274 1783 3478 1865 quae

811 1912 1087 1999 filiales
1140 1916 1536 2017 extabant,
1584 1944 1803 2000 sacra
1866 1919 2355 2028 peragebant
2400 1917 2674 2003 officia.
2744 1918 2837 2000 In
2906 1943 3277 2026 praesens
3337 1944 3478 1999 au-

814 2084 977 2162 tem
1064 2076 1161 2159 ab
1261 2103 1465 2161 anno
1532 2076 1851 2161 Domini
1917 2078 2336 2164 millesimo
2403 2077 3060 2190 octingentesimo
3151 2083 3476 2188 octoge-

810 2236 1007 2322 simo
1073 2238 1421 2322 secundo
1484 2234 1685 2322 haec
1750 2240 2029 2324 eadem
2072 2238 2560 2325 Parochialis
2608 2237 2988 2341 Ecclesia,
3055 2266 3257 2347 quae
3323 2237 3471 2321 Hi-

812 2397 1129 2510 spanico
1164 2397 1534 2483 idiomate
1578 2447 1699 2462 -—
1744 2405 1831 2485 dc
1863 2400 2189 2488 Accensa
2224 2449 2343 2464 —
2380 2405 2900 2511 nuncupatur,
2954 2427 3202 2484 unum
3233 2396 3479 2484 habet

813 2566 1224 2661 rectorem,
1302 2556 1430 2642 cui
1493 2564 1807 2668 praesto
1851 2565 2035 2643 sunt
2098 2588 2236 2645 sex
2316 2561 2830 2644 coadiutoreS.
2899 2558 3093 2644 Eius
3156 2558 3482 2669 insuper

814 2719 1241 2805 sacrarium
1317 2719 1674 2831 plurimis
1738 2719 2483 2831 pretiosissimisque
2549 2718 2789 2806 sacris
2854 2718 3482 2830 supellectilibus

815 2883 914 2965 ad
978 2880 1541 2966 abundantiam
1606 2886 1727 2966 est
1789 2880 2265 2965 instructum
2306 2908 2446 2992 pro
2512 2880 2754 2966 sacris
2820 2848 3266 2990 quibusque
3332 2907 3472 2965 ex-

818 3041 1124 3151 plendis
1172 3042 1729 3144 functionibuS,
1799 3071 2000 3152 quae
2046 3042 2387 3128 maximo
2433 3042 2595 3128 illic
2642 3041 2862 3128 cultu
2928 3070 3020 3126 ac
3069 3041 3487 3153 splendore

822 3203 1342 3291 celebrantur.
1410 3202 1851 3290 Novissime
1886 3208 2155 3288 autem
2191 3231 2379 3288 cura
2423 3209 2503 3288 et
2536 3201 2894 3314 impensa
2945 3200 3214 3288 dilecti
3250 3200 3487 3328 etiarn

816 3364 978 3469 filii,
1046 3364 1330 3451 nobilis
1411 3363 1583 3468 viri,
1651 3364 1938 3474 equitis
2015 3369 2420 3453 Paschae&
2482 3370 2569 3452 dc
2632 3366 2987 3468 Abaroa,
3075 3362 3210 3473 qui
3276 3362 3484 3448 ultra

820 3525 1082 3612 decies
1168 3533 1503 3612 centena
1595 3525 1841 3611 millia
1920 3532 2232 3614 realium
2313 3532 2677 3612 monetae
2770 3525 3084 3610 illarum
3147 3523 3487 3636 partium

818 3685 900 3770 in
964 3686 1046 3770 id
1111 3685 1466 3790 contulit,
1534 3685 2069 3797 supradictum
2119 3685 2507 3797 templum
2572 3684 2889 3772 omnino
2953 3684 3480 3771 instauratum

821 3875 912 3931 ac
978 3846 1218 3933 etiam
1261 3845 1475 3932 omni
1539 3845 1759 3931 cultu
1821 3846 2147 3932 mirifice
2191 3846 2341 3931 fuit
2416 3852 2912 3951 exornatum,
2963 3845 3075 3931 ita
3136 3852 3227 3931 ut
3289 3846 3497 3931 inter

818 4007 1391 4118 praestantiora
1465 4006 1677 4092 illius
1740 4006 2147 4094 Dioecesis
2227 4007 2525 4119 templa
2588 4007 2871 4094 merito
2950 4014 3479 4095 recenseatur.

826 4169 1023 4255 Cum
1091 4176 1402 4268 autem,
1469 4167 1675 4253 sicut
1771 4137 2049 4253 eadem
2111 4166 2389 4278 petitio
2494 4147 3058 4277 subiungebat,
3154 4140 3493 4252 multum

824 4328 1260 4439 splendoris
1315 4329 1414 4412 ad
1476 4326 1768 4412 dictam
1811 4326 2251 4413 Ecclesiam
2317 4331 2754 4432 accederet,
2802 4334 2884 4414 et
2949 4327 3259 4414 divinus
3315 4326 3482 4414 cul-

826 4496 980 4594 tuS,
1048 4490 1556 4601 fideliumque
1601 4517 1794 4602 erga
1838 4519 2142 4575 sacram
2205 4489 2424 4575 illam
2472 4489 2861 4600 Deiparae
2898 4489 3245 4601 Virginis
3311 4490 3488 4575 Ico-

828 4680 1011 4738 nem
1074 4650 1386 4739 devotio
1452 4659 1534 4738 et
1595 4651 1848 4762 pietas
1934 4658 2390 4764 augeretur,
2459 4651 2525 4737 si
2596 4654 2948 4763 praefata
3010 4650 3498 4738 Parochialis

829 4811 1209 4917 Ecclesia,
1273 4840 1417 4924 per
1477 4812 1641 4898 Nos
1707 4819 1788 4899 et
1852 4813 2135 4900 Sedem
2219 4812 2756 4925 Apostolicam
2784 4880 2803 4918 ,
2870 4814 2954 4899 in
3018 4815 3483 4918 Basilicam,

831 4979 923 5060 ut
963 4973 1187 5077 infra,
1225 4972 1699 5086 erigeretur:
1758 5003 2000 5085 quare
2065 5003 2206 5086 pro
2270 4982 2494 5086 parte
2528 4975 2919 5062 dictorum
2986 4978 3219 5082 Cleri,
3260 4978 3494 5065 Com-

752 5125 757 5130 ’
835 5132 1242 5221 munitatis
1326 5141 1406 5221 et
1470 5132 1757 5246 Populi
1851 5133 2098 5221 Nobis
2182 5133 2334 5221 fuit
2426 5133 2836 5222 humiliter
2931 5136 3488 5249 supplicatum,

724 5347 729 5350 -
842 5304 1229 5406 quatenus
1293 5296 1537 5408 ipsius
1622 5296 2023 5381 Ecclesiae
2114 5296 2558 5407 splendori,
2625 5304 2706 5382 et
2771 5297 3010 5383 divini
3095 5300 3353 5386 cultus
3418 5308 3499 5387 et
