4497 6714
3202 771 3296 848 19

801 964 1139 1039 caussas·
1180 982 1413 1039 nemo
1478 955 1647 1039 iure
1714 955 2278 1059 criminabitur,
2345 961 2483 1039 aut
2544 956 2807 1065 aliquo
2873 956 3030 1042 Vos
3082 961 3452 1066 respectu

800 1125 1065 1199 rerum
1106 1111 1651 1197 'humanarum
1737 1115 1942 1217 duci,
2010 1123 2147 1199 aut
2212 1115 2687 1200 constitutae
2770 1115 3251 1224 reipublicae
3317 1115 3453 1199 ad-

800 1272 1137 1359 versari:
1205 1273 1389 1383 quia
1455 1303 1634 1358 cum
1700 1274 1850 1359 Dei
1907 1274 2171 1385 agitur
2213 1272 2490 1378 honos,
2538 1304 2716 1359 cum
2764 1274 2976 1359 salus
3018 1273 3456 1358 animarum

805 1434 887 1518 in
953 1403 1374 1519 discrimen
1440 1435 1876 1538 adducitur,
1922 1444 2274 1520 vestrum
2340 1464 2626 1520 munus
2692 1441 2813 1520 est
2865 1433 3147 1518 harum
3189 1463 3451 1520 rerum

805 1594 1157 1682 omnium
1254 1594 1583 1680 tutelam
1670 1596 2365 1705 defensionemque
2452 1596 2873 1708 suscipere.
2942 1645 3064 1660 —
3128 1595 3456 1707 Pergite

802 1754 1069 1864 itaque
1133 1757 1562 1866 prudenter
1627 1762 1708 1840 et
1771 1755 2077 1841 fortiter
2121 1754 2199 1838 in
2259 1756 2682 1867 episcopali
2745 1783 3073 1842 munere
3119 1754 3455 1841 versari:

807 1916 1169 2002 caelestis
1234 1916 1635 2001 doctrinae
1710 1922 2129 2028 praecepta
2202 1920 2537 2019 tradere,
2628 1923 2709 2002 et
2783 1945 2938 2047 qua
3010 1914 3113 2000 sit
3187 1914 3457 2026 ingre-

803 2077 1178 2161 diendum
1241 2076 1366 2163 via
1429 2076 1510 2161 in
1576 2084 1736 2161 tam
1800 2106 2091 2187 magna
2156 2084 2600 2186 temporum
2674 2048 3088 2186 iniquitate
3170 2075 3460 2186 populo

803 2239 1365 2324 demonstrare.
1414 2238 1796 2321 Eamdem
1841 2236 2190 2323 omnium
2237 2244 2548 2346 oportet
2593 2265 2765 2322 esse
2815 2245 3166 2324 mentem
3211 2237 3460 2323 idem-

805 2378 961 2509 que
1025 2397 1539 2509 propositum,
1612 2404 1694 2482 et
1757 2396 1894 2481 ubi
1963 2397 2398 2482 communis
2464 2404 2586 2482 est
2652 2426 2950 2502 caussa,
2996 2397 3336 2483 similem
3378 2396 3459 2482 in

803 2560 1113 2670 agendo
1180 2557 1554 2643 adhibere
1622 2557 2031 2643 rationem.
2104 2558 2522 2644 Providete
2576 2565 2666 2643 ut
2709 2587 3097 2669 nusquam
3141 2557 3458 2645 scholae

802 2718 1084 2822 desint,
1127 2718 1209 2801 in
1255 2718 1541 2828 quibus
1585 2718 1863 2804 notitia
1905 2720 2293 2803 bonorum
2342 2718 2799 2804 caelestium
2868 2717 3459 2828 officiorumque

807 2908 999 2990 erga
1063 2879 1325 2964 Deum
1388 2877 1991 2989 diligentissime
2058 2878 2355 2962 alumni
2431 2878 2909 2983 imbuantur,
2994 2884 3076 2965 et
3151 2878 3457 2963 discant

801 3033 1124 3148 penitus
1167 3036 1605 3122 Ecclesiam
1670 3065 2149 3147 cognoscere
2195 3038 2609 3149 eidemque
2654 3039 2864 3123 dicto
2911 3067 3084 3125 esse
3130 3038 3455 3124 audien-

796 3206 919 3315 tes
983 3227 1234 3308 usque
1300 3199 1495 3309 adeo
1562 3205 1651 3283 ut
1716 3196 2167 3309 intelligant
2233 3206 2314 3284 et
2378 3199 2744 3304 sentiant,
2792 3227 3064 3285 omnes
3119 3199 3452 3304 laboreS,

798 3361 968 3447 eius
1034 3389 1331 3463 caussa,
1398 3357 1762 3470 patibiles
1826 3363 2239 3470 putandos.
2308 3360 2681 3446 Abundat
2747 3361 3008 3447 Gallia
3049 3368 3453 3474 praestan-

796 3519 1277 3606 tissimorum
1362 3517 1775 3605 hominum
1852 3521 2256 3632 exemplis,
2357 3521 2492 3632 qui
2590 3550 2730 3634 pro
2810 3524 2963 3609 fide
3029 3523 3456 3609 christiana

791 3683 1086 3767 nullam
1153 3684 1250 3766 ab
1317 3710 1491 3767 sese
1558 3680 2122 3785 calamitatem,
2190 3710 2292 3767 ne
2360 3682 2566 3768 vitae
2632 3681 2953 3792 quidem
3029 3681 3274 3794 ipsius
3338 3683 3448 3768 ia-

793 3852 1100 3930 cturam
1161 3843 1560 3954 deprecati
1624 3842 1809 3927 sint.
1894 3844 1986 3926 In
2068 3842 2237 3953 ipsa
2323 3843 2457 3927 illa
2521 3844 3138 3955 perturbatione,
3216 3875 3451 3956 quam

797 4001 1610 4106 commemoravimuS,
1691 4001 1836 4088 viri
1915 4000 2206 4086 invicta
2285 4004 2436 4089 fide
2509 4003 2919 4115 perplures
2998 4004 3453 4110 extiterunt,

798 4194 1134 4276 quorum
1196 4164 1485 4250 virtute
1551 4170 1632 4249 et
1695 4162 2080 4274 sanguine
2125 4164 2429 4275 patrius
2498 4165 2720 4251 stetit
2778 4165 3053 4252 honos.
3101 4169 3458 4255 Iamvero

797 4328 1086 4415 nostris
1151 4328 1392 4414 etiam
1453 4326 1948 4436 temporibus
2011 4325 2388 4413 virtutem
2432 4326 2511 4411 in
2558 4327 2818 4412 Gallia
2884 4327 3278 4414 cernimus
3320 4359 3461 4441 per

799 4488 1098 4576 medias
1161 4487 1481 4573 insidias
1546 4494 1626 4573 et
1688 4486 2040 4598 pericula
2103 4486 2318 4591 satis,
2386 4487 2558 4573 Deo
2626 4486 2969 4591 iuvante,
3050 4516 3135 4574 se
3212 4487 3463 4600 ipsam

800 4649 1031 4737 tueri.
1100 4651 1389 4734 Munus
1454 4677 1686 4733 suum
1754 4648 2030 4734 Olerus
2076 4647 2391 4751 insistit,
2438 4648 2674 4759 idque
2721 4677 2815 4735 ea
2859 4648 3210 4753 caritate,
3258 4679 3460 4761 quae

802 4815 1301 4901 sacerdotum
1368 4819 1489 4900 est
1551 4811 1887 4923 propria,
1955 4814 2052 4896 ad
2115 4811 2650 4924 proximorum
2713 4811 3098 4899 utilitates
3152 4841 3463 4924 semper

801 4980 1164 5085 prompta
1227 4980 1308 5059 et
1370 4971 1694 5058 sollerti.
1764 4971 1982 5056 Laici
2046 4971 2191 5057 viri
2257 5000 2549 5083 magno
2613 5001 2943 5059 numero
3029 4973 3265 5060 fidem
3331 5001 3462 5060 ca-

804 5131 1179 5218 tholicam
1263 5133 1729 5243 profitentur
1802 5139 2072 5241 aperto
2160 5131 2710 5243 impavidoque
2792 5138 3149 5243 pectore:
3230 5135 3460 5220 obse-

808 5292 1082 5404 quium
1146 5321 1379 5377 suum
1445 5291 1804 5378 certatim
1868 5289 2055 5375 huic
2114 5291 2615 5402 Apostolicae
2661 5291 2843 5379 Sedi
2886 5291 3158 5378 multis
3220 5292 3460 5380 ratio-
