4497 6714
3198 802 3298 881 57

794 1015 993 1088 muS,
1060 988 1352 1097 reperti
1417 988 1498 1071 in
1564 996 1780 1073 secta
1847 990 2301 1072 Massonum
2386 993 2592 1090 sunt,
2683 987 2817 1097 qui
2895 986 3296 1072 edicerent
3360 1017 3451 1073 ac

792 1156 1342 1257 proponerent,
1392 1148 1715 1232 consilio
1761 1154 1840 1232 et
1883 1155 2050 1232 arte
2097 1148 2556 1233 enitendum
2600 1153 2689 1231 ut
2734 1147 3036 1232 infinita
3078 1148 3448 1233 vitiorum

789 1307 1107 1393 licentia
1172 1317 1673 1395 exsaturetur
1736 1308 2205 1393 multitudo:
2272 1306 2425 1392 hoc
2492 1308 2706 1409 enim
2772 1310 3002 1408 facto,
3081 1308 3161 1391 in
3224 1316 3451 1419 pote-

789 1476 992 1555 state
1058 1471 1207 1555 sibi
1274 1478 1355 1556 et
1399 1469 1719 1554 arbitrio
1766 1473 1865 1554 ad
1910 1469 2310 1579 quaelibet
2377 1471 2738 1552 audenda
2794 1468 3027 1553 facile
3072 1470 3447 1553 futuram.

979 1632 1202 1737 Quod
1267 1634 1363 1716 ad
1432 1631 1877 1716 convictum
1944 1630 2227 1714 attinet
2293 1629 2835 1731 domesticum,
2882 1627 3009 1713 his
3052 1631 3215 1714 fere
3264 1657 3450 1715 con-

788 1793 1088 1879 tinetur
1151 1794 1404 1878 omnis
1469 1793 2130 1877 Naturalistarum
2195 1792 2626 1903 disciplina.
2696 1791 3286 1877 Matrimonium
3352 1794 3449 1875 ad

791 1953 1292 2063 negotiorum
1360 1950 2072 2038 contrahendorum
2138 1952 2535 2063 pertinere
2603 1981 2902 2062 genus:
2966 1950 3307 2039 rescindi
3353 1953 3454 2035 ad

789 2115 1277 2200 voluntatem
1343 2142 1659 2215 eorum,
1750 2113 1883 2222 qui
1970 2112 2525 2214 contraxerint,
2603 2111 2772 2197 iure
2846 2141 3119 2221 posse:
3206 2141 3449 2222 penes

789 2278 1362 2386 gubernatores
1459 2276 1576 2361 rei
1675 2276 1924 2360 civilis
2014 2304 2186 2361 esse
2272 2274 2350 2358 in
2438 2274 2795 2365 maritale
2884 2274 3229 2360 vinclum
3311 2303 3451 2385 po-

790 2444 1189 2523 testatem.
1257 2439 1347 2521 In
1418 2435 1844 2522 educandis
1910 2435 2180 2520 liberis
2245 2433 2444 2518 nihil
2510 2437 2606 2520 de
2675 2435 3061 2545 religione
3148 2435 3451 2546 praeci-

787 2599 1050 2710 piatur
1114 2628 1211 2684 ex
1278 2606 1494 2684 certa
1559 2598 2108 2706 destinataque
2153 2595 2580 2682 sententia:
2647 2596 3048 2707 integrum
3115 2596 3451 2707 singulis

792 2766 984 2859 esto.
1034 2788 1213 2844 cum
1259 2759 1689 2845 adoleverit
1735 2767 1973 2860 aetaS‚
2021 2759 2229 2867 quod
2287 2758 2709 2844 maluerint
2767 2759 3014 2868 sequi.
3053 2809 3175 2823 —
3209 2758 3453 2868 Atqui

788 2919 988 3005 haec
1053 2920 1222 3030 ipsa
1285 2920 1822 3005 assentiuntur
1885 2919 2116 3029 plane
2173 2921 2616 3004 Massones:
2685 2949 2944 3029 neque
3010 2921 3456 3005 assentiun-

792 3086 923 3162 tur
988 3079 1268 3180 solum‚
1339 3082 1480 3165 sed
1544 3079 1836 3163 iamdiu
1901 3082 2223 3164 student
2267 3079 2347 3162 in
2398 3107 2698 3164 morem
2765 3060 3454 3167 consuetudinem-

792 3268 946 3349 que
1012 3242 1430 3325 deducere.
1502 3241 1774 3324 Multis
1838 3239 1993 3323 iam
2037 3241 2118 3324 in
2164 3240 2647 3351 regionibuS‚
2696 3241 3132 3352 iisdemque
3181 3243 3454 3329 catho-

794 3401 926 3486 lici
989 3401 1350 3504 nominis.
1420 3403 1931 3487 constitutum
2000 3410 2121 3488 est
2184 3408 2297 3505 ut,
2375 3410 2690 3514 praeter
2775 3404 3230 3489 coniunctas
3295 3406 3454 3490 ritu

797 3561 1028 3665 civili,
1068 3562 1321 3648 iustae
1375 3592 1472 3648 ne
1520 3561 1962 3648 habeantur
1996 3563 2364 3673 nuptiae:
2424 3562 2611 3647 alibi
2658 3564 2988 3649 divortia
3030 3566 3222 3669 fieri,
3275 3567 3457 3677 lege

797 3720 1013 3805 licet:
1082 3722 1293 3825 alibi,
1340 3730 1431 3807 ut
1477 3723 2060 3834 quamprimum
2105 3724 2364 3826 liceat.
2412 3728 2642 3809 datur
2677 3753 2936 3837 opera.
2974 3729 3098 3812 Ita
3131 3732 3230 3813 ad
3264 3729 3456 3813 illud

795 3882 1115 3966 festinat
1151 3913 1449 3986 cursuS‚
1495 3893 1585 3969 ut
1630 3885 2126 3970 matrimonia
2172 3887 2253 3969 in
2298 3887 2530 3970 aliam
2578 3895 2938 3972 naturam
2992 3898 3458 3976 convertan-

796 4053 948 4149 tur,
984 4045 1136 4131 hoc
1173 4055 1292 4133 est
1327 4048 1407 4131 in
1443 4048 2037 4133 coniunctiones
2082 4049 2491 4135 instabiles
2541 4058 2621 4135 et
2663 4050 2935 4152 fluan‚
2978 4079 3170 4160 quas
3213 4052 3455 4138 libido

802 4206 1320 4316 conglutinet,
1388 4215 1469 4292 et
1535 4211 1808 4293 eadem
1876 4215 2180 4292 mutata
2224 4209 2619 4294 dissolvat.
2662 4259 2780 4272 —
2816 4211 3137 4296 Summa
3191 4219 3457 4296 autem

800 4367 1374 4478 conspiratione
1432 4371 1923 4453 voluntatum
1982 4369 2168 4453 illuc
2222 4369 2460 4454 etiam
2519 4376 2824 4480 spectat
2889 4377 3100 4454 secta
3159 4372 3457 4456 Masso-

798 4557 1012 4629 num,
1079 4536 1170 4612 ut
1234 4530 1809 4616 institutionem
1859 4534 1958 4615 ad
2002 4558 2086 4614 se
2131 4531 2384 4641 rapiat
2449 4529 3094 4615 adolescentium.
3133 4532 3456 4617 Mollem

800 4689 1011 4775 enim
1078 4698 1157 4775 et
1220 4691 1643 4778 flexibilem
1709 4698 2050 4777 aetatem
2115 4692 2342 4778 facile
2409 4721 2493 4777 se
2558 4721 2787 4803 posse
2833 4692 3184 4777 sentiunt
3248 4693 3456 4776 arbi-

802 4859 1013 4937 tratu
1078 4881 1220 4938 suo
1286 4854 1612 4964 fingere,
1682 4862 1785 4957 et,
1833 4881 1988 4963 quo
2034 4852 2303 4956 velint,
2357 4861 2768 4963 torquere:
2837 4881 3086 4962 eaque
3129 4881 3213 4937 re
3261 4851 3459 4935 nihil

800 5042 971 5099 esse
1038 5015 1553 5125 opportunius
1618 5018 1717 5099 ad
1781 5016 2133 5100 sobolem
2200 5015 2514 5119 civium,
2596 5014 2909 5125 qualem
2997 5013 3146 5124 ipsi
3209 5013 3457 5099 medi-

797 5181 1090 5279 tantur.
1160 5176 1401 5260 talem
1465 5175 1948 5287 reipublicae
2015 5176 2526 5260 educendam.
2579 5173 2961 5278 Quocirca
3022 5174 3105 5257 in
3171 5175 3457 5258 educa-

799 5337 1010 5423 tione
1076 5338 1588 5448 doctrinaque
1672 5337 1955 5448 puerili
2042 5338 2298 5422 nullas
2383 5336 2786 5423 Ecclesiae
2866 5336 3244 5421 ministris
3311 5364 3456 5422 nec
