4497 6714
1228 761 1331 838 60

1074 972 1338 1028 rerum
1405 974 1725 1029 suarum
1790 944 2507 1056 incolumitatisque
2562 946 2855 1032 sobole.
2908 997 3019 1008 -—
3074 946 3362 1031 Curam
3405 975 3590 1032 vero
3634 950 3732 1032 de

1073 1105 1456 1215 religione
1503 1105 1819 1215 publice
1866 1105 2241 1192 adhibere
2288 1107 2611 1210 nullam,
2663 1114 2743 1192 et
2786 1107 2867 1191 in
2911 1109 3148 1193 rebus
3214 1106 3479 1191 civicis
3524 1106 3733 1192 ordi-

1076 1265 1376 1369 nandiS,
1443 1265 1839 1376 gerendis,
1906 1266 2168 1350 Deum
2236 1264 2482 1351 nihilo
2549 1266 2803 1377 magis
2867 1266 3285 1377 respicere,
3368 1295 3603 1376 quam
3669 1266 3732 1349 si

1076 1426 1392 1511 omnino
1459 1455 1616 1511 non
1682 1433 1913 1526 esset,
1981 1427 2386 1511 temeritas
2474 1434 2595 1512 est
2681 1426 2870 1538 ipsis
2937 1425 3275 1511 ethnicis
3338 1427 3730 1530 inaudita3

1077 1617 1411 1698 quorum
1476 1588 1555 1671 in
1624 1589 1884 1673 animo
1962 1618 2358 1699 sensuque
2448 1596 2615 1674 erat
2703 1588 2815 1671 sic
2902 1588 3217 1700 penitus
3282 1589 3511 1672 affixa
3575 1616 3735 1673 non

1077 1749 1328 1834 solum
1396 1738 1657 1858 opi‘nio
1724 1750 2099 1851 Deorum,
2168 1753 2307 1834 sed
2369 1748 2776 1859 religionis
2850 1749 3212 1859 publicae
3278 1749 3731 1851 necessitaS,

1075 1918 1165 1996 ut
1229 1910 1560 1996 inveniri
1625 1912 1905 1995 urbem
1969 1911 2275 1995 facilius
2322 1910 2490 1995 sine
2537 1910 2725 2011 solo,
2781 1939 3019 2019 quam
3075 1909 3243 1995 sine
3287 1910 3458 1995 Deo
3503 1936 3731 2020 posse

1074 2071 1666 2156 arbitrarentur.
1736 2072 2046 2156 Revera
2112 2069 2441 2155 humani
2507 2069 2824 2180 generis
2910 2069 3268 2173 societaS,
3335 2073 3433 2153 ad
3499 2098 3733 2179 quam

1077 2223 1348 2315 sumus'
1413 2238 1695 2314 natura
1759 2230 1967 2333 facti,
2035 2260 2081 2314 a
2124 2231 2298 2315 Deo
2365 2230 2792 2315 constituta
2837 2237 2958 2315 est
3004 2237 3330 2315 naturae
3374 2237 3730 2341 parente:

1077 2396 1174 2477 ab
1243 2421 1497 2503 eoque
1566 2399 1971 2502 tamquam
2036 2421 2082 2475 a
2128 2366 2526 2502 *principio
2594 2398 2675 2476 et
2738 2393 2953 2476 fonte
3041 2397 3207 2475 tota
3270 2391 3387 2475 vis
3452 2400 3533 2477 et
3595 2420 3734 2507 pe-

1077 2553 1425 2638 rennitas
1491 2560 1757 2636 manat
1822 2551 2539 2653 innumerabilium,
2608 2551 2896 2661 quibus
2959 2551 3095 2635 illa
3158 2553 3527 2654 abundat,
3591 2553 3732 2637 bo-

1078 2739 1386 2798 norum.
1437 2713 1697 2823 Igitur
1762 2713 2424 2821 quemadmodum
2490 2712 2783 2821 singuli
2826 2713 2953 2823 pie
2999 2713 3260 2798 Deum
3305 2719 3732 2822 sancteque

1076 2874 1334 2959 colere
1403 2873 1569 2983 ipsa
1635 2881 1959 2957 naturae
2026 2901 2217 2958 voce
2285 2876 2820 2975 admonemur,
2864 2881 3281 2986 propterea
3345 2878 3557 2984 quod
3617 2874 3734 2960 vi-

1075 3044 1241 3121 tam
1308 3046 1388 3123 et
1451 3040 1661 3124 bona
1725 3067 1926 3148 quae
1995 3038 2470 3122 comitantur
2525 3038 2732 3123 vitae
2778 3069 2823 3122 a
2867 3039 3039 3124 Deo
3105 3038 3575 3147 accepimus,
3621 3037 3733 3121 sic

1080 3201 1440 3285 eamdem
1508 3201 1605 3284 ob
1675 3228 2031 3283 caussam
2095 3200 2364 3309 populi
2431 3208 2510 3285 et
2557 3200 2936 3284 civitates.
2984 3200 3287 3285 Idcirco
3335 3199 3469 3309 qui
3525 3198 3735 3284 solu-

1072 3367 1235 3444 tam
1301 3360 1513 3444 omni
1579 3360 1986 3470 religionis
2052 3360 2304 3444 officio
2374 3360 2680 3446 civilem
2748 3362 3393 3447 communitatem
3436 3362 3731 3465 volunt,

1075 3520 1582 3631 perspicuum
1649 3527 1770 3605 est
1834 3548 1992 3605 non
2056 3520 2346 3606 iniuste
2413 3520 2692 3624 solum,
2741 3524 2881 3605 sed
2946 3521 3184 3606 etiam
3239 3521 3551 3607 indocte
3596 3523 3734 3604 ab-

1076 3686 1474 3792 surdeque
1542 3684 1826 3767 facere.
1863 3732 1985 3746 —
2023 3682 2248 3786 Quod
2313 3712 2496 3767 vero
2553 3681 2914 3768 homines
2959 3686 3057 3767 ad
3104 3684 3735 3769 coniunctionem

1088 3843 1946 3953 congregationemque
2014 3842 2325 3928 civilem
2411 3843 2563 3928 Dei
2648 3844 3052 3929 voluntate
3139 3853 3590 3948 nascuntur,
3657 3853 3737 3931 et

1075 4010 1425 4114 potestas
1491 4004 1927 4113 imperandi
1993 4003 2395 4088 vinculum
2463 4012 2583 4089 cst
2649 4004 2898 4088 civilis
2944 4004 3341 4090 societatis
3387 4012 3550 4089 tam
3592 4035 3731 4090 ne-

1075 4164 1504 4248 cessarium
1568 4171 1679 4266 ut,
1750 4192 1842 4249 eo
1911 4166 2244 4261 sublate,
2292 4165 2501 4248 illam
2572 4173 2898 4275 repente
2964 4166 3344 4277 disrumpi
3407 4196 3729 4253 necesse

1074 4324 1197 4425 sit,
1267 4353 1757 4435 consequens
1825 4332 1945 4410 est
2010 4333 2099 4408 ut
2186 4324 2619 4434 imperandi
2698 4326 3249 4410 auctoritatem
3333 4327 3541 4412 idem
3607 4327 3731 4437 gi-

1073 4491 1291 4594 gnat,
1340 4484 1475 4593 qui
1540 4483 1819 4594 genuit
1876 4484 2358 4569 societatem.
2409 4486 2528 4568 Ex
2577 4513 2731 4594 quo
2776 4484 3276 4599 intelligitur,
3314 4486 3728 4598 imperium

1071 4643 1152 4728 in
1218 4672 1375 4753 quo
1440 4644 1565 4747 sit,
1635 4644 2113 4754 quicumque
2180 4645 2245 4729 is
2313 4652 2455 4747 est,
2528 4646 2976 4730 ministrum
3042 4675 3213 4731 esse
3280 4647 3454 4732 Dei.
3524 4647 3729 4751 Qua-

1069 4812 1412 4915 propter,
1462 4812 1851 4916 quatenus
1886 4808 2061 4892 finis
2118 4815 2197 4893 et
2253 4816 2534 4893 natura
2590 4810 2988 4894 societatis
3031 4808 3423 4895 humanae
3459 4816 3729 4921 postu-

1071 4965 1261 5061 lant,
1288 4966 1693 5077 legitimae
1731 4969 2102 5076 potestati
2137 4968 2344 5054 iusta
2377 4969 2890 5081 praecipienti
2924 4999 3266 5080 aequum
3302 4978 3421 5056 est
3454 4999 3728 5082 parere

1074 5127 1397 5237 perinde
1464 5157 1555 5211 ac
1618 5128 1922 5211 numini
1972 5130 2231 5213 omnia
2277 5131 2755 5216 moderantis
2798 5131 2982 5216 Dei:
3049 5131 3400 5242 illudque
3446 5131 3526 5215 in
3569 5131 3728 5242 pri-

1072 5285 1222 5369 mis
1285 5316 1331 5370 a
1395 5287 1726 5373 veritate
1794 5288 2191 5394 abhorret,
2260 5290 2338 5374 in
2404 5291 2674 5402 populi
2720 5320 2892 5377 esse
2937 5292 3341 5378 voluntate
3385 5292 3728 5404 positum
