4497 6714
1239 770 1344 846 42

1088 948 1310 1033 vobis
1376 948 1910 1058 expromimus
1996 956 2075 1034 et
2161 947 2664 1063 dilectionem
2737 948 3194 1056 profitemur
3272 974 3426 1055 quo
3491 947 3747 1057 magis

1090 1106 1630 1217 intelligimuS,
1698 1107 1885 1208 Nos,
1952 1107 2032 1191 in
2119 1109 2667 1218 prosequendo
2740 1105 3336 1191 benevolentiae
3412 1107 3746 1193 Nostrae

1094 1266 1568 1351 testimoniis
1633 1267 1903 1352 ordine
1968 1274 2255 1370 vestro,
2323 1266 2599 1351 utilem
2665 1266 2745 1349 in
2811 1264 2962 1350 hoc
3027 1267 3196 1376 ipso
3262 1296 3580 1377 operam
3621 1296 3747 1353 re-

1090 1434 1261 1510 ctae
1328 1426 1767 1530 doctrinae,
1804 1427 2074 1512 virtuti
2142 1457 2232 1512 ac
2298 1426 2664 1538 religioni
2710 1434 3132 1537 praestare.
3193 1427 3410 1512 Votis
3454 1434 3743 1530 autem,

1088 1621 1290 1703 quae
1355 1591 1506 1678 hac
1572 1592 2158 1703 opportunitate
2226 1591 2620 1702 suscipitis
2687 1619 2827 1702 pro
2880 1590 3419 1675 incolumitate
3485 1597 3565 1677 et
3628 1591 3747 1676 di-

1090 1755 1393 1867 gnitate
1458 1754 1685 1839 istius
1782 1754 2315 1840 nobilissimae
2414 1754 3006 1865 disciplinarum
3102 1752 3310 1838 sedis
3345 1819 3364 1855 ,
3462 1754 3749 1838 Nostra

1092 1914 1329 1999 etiam
1396 1944 1492 2000 ex
1559 1918 1791 1999 corde
1859 1914 2434 2025 coniungimuS,
2484 1913 2774 1999 Dilecti
2821 1913 3028 2016 Filii,
3096 1920 3176 1998 et
3240 1915 3559 1998 Patrem
3623 1913 3746 1997 lu-

1089 2076 1389 2161 minum
1455 2107 1546 2161 ac
1612 2085 2014 2162 auctorem
2092 2080 2481 2163 bonorum
2562 2077 2912 2163 omnium
2999 2076 3248 2160 effuso
3316 2074 3569 2159 cordis
3632 2077 3746 2158 af-

1089 2240 1304 2323 fectu
1368 2268 1764 2350 rogamus,
1830 2246 1919 2323 ut
1966 2238 2045 2322 in
2094 2267 2187 2323 ea
2233 2238 2670 2341 concordia,
2721 2266 2957 2348 quam
3001 2245 3264 2322 rectus
3312 2236 3749 2321 animorum

1090 2428 1516 2487 consensus
1582 2400 1842 2503 efficit,
1908 2400 1987 2484 in
2064 2400 2279 2484 filiali
2357 2399 2848 2485 observantia
2923 2398 3410 2509 Episcopalis
3474 2404 3745 2482 aucto-

1087 2560 1365 2663 ritatiS,
1434 2589 1634 2670 quae
1702 2590 2088 2645 summam
2152 2560 2560 2671 dignitatis
2624 2568 2932 2646 vestrae
3000 2589 3267 2644 curam
3332 2559 3564 2669 gerit,
3609 2588 3744 2644 ve-

1088 2726 1251 2803 stra
1313 2720 1585 2821 virtuS,
1655 2720 2031 2823 doctrina,
2098 2720 2351 2831 pietas
2417 2720 2662 2804 veluti
2729 2722 2856 2803 fax
2923 2748 3242 2830 semper·
3296 2720 3747 2829 praeluceat

1090 2880 1417 2965 solidam
1468 2882 2029 2992 quaerentibus
2075 2881 2563 2991 sapientiam,
2612 2890 2858 2991 utque
2906 2887 3346 2965 vestrorum
3392 2880 3747 2963 alumno-

1090 3072 1267 3126 rum
1334 3042 1415 3126 in
1481 3043 1693 3128 omni
1757 3042 2009 3127 laudis
2075 3071 2370 3154 genere
2437 3044 2884 3153 praeclarus
2950 3044 3181 3126 ardor
3226 3070 3404 3152 spes
3448 3040 3746 3151 patriae

1088 3206 1168 3286 et
1232 3201 1635 3287 Ecclesiae
1706 3203 2101 3287 cumulate
2169 3202 2514 3312 impleat,
2583 3233 2672 3287 ac
2738 3202 3000 3286 divina
3064 3231 3202 3287 vos
3251 3201 3778 3311 benignitate.

1088 3361 1385 3471 iugiter
1448 3369 1997 3472 prosequente,
2045 3362 2469 3447 Academia
2514 3369 2771 3447 vestra
2835 3361 3055 3446 novis
3118 3361 3199 3444 in
3265 3360 3432 3446 dies
3487 3360 3740 3445 incre-

1090 3521 1379 3606 mentis
1445 3523 1882 3607 efflorescat
1947 3522 2486 3633 prosperitatis
2571 3530 2650 3606 et
2714 3522 3036 3632 gloriae.
3125 3523 3347 3606 Haec
3414 3528 3502 3604 ut
3565 3520 3739 3605 seli-

1090 3682 1287 3767 citer
1320 3712 1415 3768 ex
1483 3683 1683 3768 votis
1750 3683 2055 3768 Nostris
2114 3685 2600 3794 contingant,
2652 3683 3182 3794 Apostolicam
3236 3682 3738 3768 Benedictio-

1083 3872 1267 3928 nem
1343 3843 1587 3947 vobis,
1669 3843 1960 3928 Dilecti
2058 3844 2265 3947 Filii,
2368 3843 2700 3953 singulis
2796 3842 3179 3928 universis
3276 3842 3737 3952 cunctisque

1084 4006 1421 4090 alumnis
1486 4007 1941 4116 disciplinae
2007 4012 2340 4106 vestrae,
2389 4004 2469 4087 in
2545 4003 2982 4114 auspicium
3065 4002 3413 4088 omnium
3481 4003 3735 4090 caele-

1085 4166 1322 4250 stium
1390 4166 1824 4276 gratiarum
1891 4173 1972 4251 et
2035 4193 2453 4249 munerum
2521 4172 2599 4248 et
2665 4163 2745 4246 in
2812 4164 3101 4274 pignus
3177 4171 3550 4274 paternae
3616 4164 3734 4248 di-

1082 4325 1442 4410 lectionis
1508 4326 1865 4427 Nostrae,
1932 4331 2428 4435 peramanter
2491 4324 2569 4406 in
2637 4323 2973 4408 Domino
3032 4323 3543 4433 impertimus.

1270 4487 1563 4570 Datum
1627 4489 1928 4571 Romae
1995 4486 2202 4593 apud
2269 4484 2342 4568 S.
2412 4486 2740 4569 Petrum
2806 4483 2930 4567 die
2980 4484 3096 4567 30
3144 4484 3405 4568 Martii
3470 4484 3730 4586 1884,

1081 4645 1594 4731 Pontificatus
1660 4645 1926 4731 Nostri
1992 4671 2196 4728 anno
2263 4643 2621 4754 septimo.

2037 4964 2240 5049 LEO
2306 4966 2465 5048 PP.
2534 4966 2763 5049 XIII.
