<?xml version="1.0" encoding="UTF-8"?>
<!DOCTYPE html PUBLIC "-//W3C//DTD XHTML 1.0 Transitional//EN"
    "http://www.w3.org/TR/xhtml1/DTD/xhtml1-transitional.dtd">
<html xmlns="http://www.w3.org/1999/xhtml" xml:lang="en" lang="en">
 <head>
  <title>
</title>
<meta http-equiv="Content-Type" content="text/html;charset=utf-8" />
  <meta name='ocr-system' content='tesseract 3.04.00' />
  <meta name='ocr-capabilities' content='ocr_page ocr_carea ocr_par ocr_line ocrx_word'/>
</head>
<body>
  <div class='ocr_page' id='page_1' title='image "./leonisxiiiponti00churgoog_0093.png"; bbox 0 0 4497 6714; ppageno 0'>
   <div class='ocr_carea' id='block_1_1' title="bbox 3176 777 3262 853">
    <p class='ocr_par' dir='ltr' id='par_1_1' title="bbox 3176 777 3262 853">
     <span class='ocr_line' id='line_1_1' title="bbox 3176 777 3262 853; baseline -0.023 0"><span class='ocrx_word' id='word_1_1' title='bbox 3176 777 3262 853; x_wconf 77' lang='lat'>81</span> 
     </span>
    </p>
   </div>
   <div class='ocr_carea' id='block_1_2' title="bbox 706 955 3446 5259">
    <p class='ocr_par' dir='ltr' id='par_1_2' title="bbox 781 955 3430 1362">
     <span class='ocr_line' id='line_1_2' title="bbox 784 955 3429 1062; baseline 0.002 -26"><span class='ocrx_word' id='word_1_2' title='bbox 784 955 1501 1059; x_wconf 77' lang='lat' dir='ltr'>exercitationibus,</span> <span class='ocrx_word' id='word_1_3' title='bbox 1571 957 2031 1041; x_wconf 89' lang='lat' dir='ltr'>Missionum</span> <span class='ocrx_word' id='word_1_4' title='bbox 2078 959 2159 1041; x_wconf 90' lang='lat' dir='ltr'>in</span> <span class='ocrx_word' id='word_1_5' title='bbox 2203 988 2528 1062; x_wconf 90' lang='lat' dir='ltr'>morem,</span> <span class='ocrx_word' id='word_1_6' title='bbox 2575 988 2763 1045; x_wconf 89' lang='lat' dir='ltr'>oves</span> <span class='ocrx_word' id='word_1_7' title='bbox 2805 988 2988 1043; x_wconf 88' lang='lat' dir='ltr'>suas</span> <span class='ocrx_word' id='word_1_8' title='bbox 3031 961 3128 1043; x_wconf 88' lang='lat' dir='ltr'>ad</span> <span class='ocrx_word' id='word_1_9' title='bbox 3172 966 3429 1045; x_wconf 91' lang='lat' dir='ltr'>acter-</span> 
     </span>
     <span class='ocr_line' id='line_1_3' title="bbox 781 1114 3430 1228; baseline 0.002 -32"><span class='ocrx_word' id='word_1_10' title='bbox 781 1143 922 1197; x_wconf 90' lang='lat' dir='ltr'>nas</span> <span class='ocrx_word' id='word_1_11' title='bbox 987 1114 1358 1201; x_wconf 87' lang='lat' dir='ltr'>veritates</span> <span class='ocrx_word' id='word_1_12' title='bbox 1420 1117 1934 1221; x_wconf 78' lang='lat' dir='ltr'>meditandaS,</span> <span class='ocrx_word' id='word_1_13' title='bbox 2002 1123 2082 1202; x_wconf 94' lang='lat' dir='ltr'>et</span> <span class='ocrx_word' id='word_1_14' title='bbox 2146 1117 2510 1228; x_wconf 88' lang='lat' dir='ltr'>spiritum</span> <span class='ocrx_word' id='word_1_15' title='bbox 2541 1127 2859 1205; x_wconf 72' lang='lat' dir='ltr'>&#39;rectum</span> <span class='ocrx_word' id='word_1_16' title='bbox 2901 1117 3430 1204; x_wconf 89' lang='lat' dir='ltr'>innovandum</span> 
     </span>
     <span class='ocr_line' id='line_1_4' title="bbox 782 1274 1239 1362; baseline 0.007 -4"><span class='ocrx_word' id='word_1_17' title='bbox 782 1274 1239 1362; x_wconf 78' lang='lat' dir='ltr'>excitarent.</span> 
     </span>
    </p>

    <p class='ocr_par' dir='ltr' id='par_1_3' title="bbox 706 1432 3446 4621">
     <span class='ocr_line' id='line_1_5' title="bbox 974 1432 3434 1550; baseline 0.001 -30"><span class='ocrx_word' id='word_1_18' title='bbox 974 1432 1092 1521; x_wconf 78' lang='lat'>2.⁰</span> <span class='ocrx_word' id='word_1_19' title='bbox 1156 1439 1381 1523; x_wconf 91' lang='lat' dir='ltr'>Mens</span> <span class='ocrx_word' id='word_1_20' title='bbox 1444 1467 1675 1550; x_wconf 88' lang='lat' dir='ltr'>porro</span> <span class='ocrx_word' id='word_1_21' title='bbox 1742 1446 1863 1524; x_wconf 89' lang='lat' dir='ltr'>est</span> <span class='ocrx_word' id='word_1_22' title='bbox 1927 1439 2281 1526; x_wconf 91' lang='lat' dir='ltr'>eiusdem</span> <span class='ocrx_word' id='word_1_23' title='bbox 2347 1440 2799 1528; x_wconf 85' lang='lat' dir='ltr'>Sanctitatis</span> <span class='ocrx_word' id='word_1_24' title='bbox 2864 1442 3093 1545; x_wconf 84' lang='lat' dir='ltr'>Suae,</span> <span class='ocrx_word' id='word_1_25' title='bbox 3139 1446 3229 1524; x_wconf 88' lang='lat' dir='ltr'>ut</span> <span class='ocrx_word' id='word_1_26' title='bbox 3270 1441 3434 1524; x_wconf 84' lang='lat' dir='ltr'>En-</span> 
     </span>
     <span class='ocr_line' id='line_1_6' title="bbox 784 1597 3436 1715; baseline 0.002 -33"><span class='ocrx_word' id='word_1_27' title='bbox 784 1597 1118 1705; x_wconf 88' lang='lat' dir='ltr'>cyclicae</span> <span class='ocrx_word' id='word_1_28' title='bbox 1182 1600 1531 1686; x_wconf 82' lang='lat' dir='ltr'>Litterae</span> <span class='ocrx_word' id='word_1_29' title='bbox 1600 1631 1836 1711; x_wconf 90' lang='lat' dir='ltr'>quam</span> <span class='ocrx_word' id='word_1_30' title='bbox 1901 1601 2506 1713; x_wconf 80' lang='lat' dir='ltr'>diligentissime</span> <span class='ocrx_word' id='word_1_31' title='bbox 2574 1604 3072 1715; x_wconf 76' lang='lat' dir='ltr'>evulgentur‚</span> <span class='ocrx_word' id='word_1_32' title='bbox 3121 1628 3276 1712; x_wconf 91' lang='lat' dir='ltr'>quo</span> <span class='ocrx_word' id='word_1_33' title='bbox 3320 1603 3436 1686; x_wconf 87' lang='lat' dir='ltr'>fa-</span> 
     </span>
     <span class='ocr_line' id='line_1_7' title="bbox 783 1759 3438 1876; baseline 0 -32"><span class='ocrx_word' id='word_1_34' title='bbox 783 1759 1007 1844; x_wconf 83' lang='lat' dir='ltr'>cilius</span> <span class='ocrx_word' id='word_1_35' title='bbox 1073 1788 1345 1848; x_wconf 89' lang='lat' dir='ltr'>omnes</span> <span class='ocrx_word' id='word_1_36' title='bbox 1424 1762 1992 1850; x_wconf 82' lang='lat' dir='ltr'>Christifideles</span> <span class='ocrx_word' id='word_1_37' title='bbox 2057 1764 2529 1876; x_wconf 80' lang='lat' dir='ltr'>intelligant,</span> <span class='ocrx_word' id='word_1_38' title='bbox 2598 1793 2833 1874; x_wconf 88' lang='lat' dir='ltr'>quam</span> <span class='ocrx_word' id='word_1_39' title='bbox 2900 1764 3159 1849; x_wconf 88' lang='lat' dir='ltr'>dirum</span> <span class='ocrx_word' id='word_1_40' title='bbox 3230 1762 3438 1847; x_wconf 90' lang='lat' dir='ltr'>inter</span> 
     </span>
     <span class='ocr_line' id='line_1_8' title="bbox 785 1925 3434 2035; baseline -0.001 -26"><span class='ocrx_word' id='word_1_41' title='bbox 785 1952 920 2010; x_wconf 92' lang='lat' dir='ltr'>cos</span> <span class='ocrx_word' id='word_1_42' title='bbox 983 1953 1378 2029; x_wconf 83' lang='lat' dir='ltr'>venenum</span> <span class='ocrx_word' id='word_1_43' title='bbox 1441 1932 1726 2035; x_wconf 81' lang='lat' dir='ltr'>serpat,</span> <span class='ocrx_word' id='word_1_44' title='bbox 1766 1932 2213 2035; x_wconf 88' lang='lat' dir='ltr'>quantaque</span> <span class='ocrx_word' id='word_1_45' title='bbox 2252 1954 2386 2012; x_wconf 91' lang='lat' dir='ltr'>eos</span> <span class='ocrx_word' id='word_1_46' title='bbox 2431 1953 2864 2035; x_wconf 88' lang='lat' dir='ltr'>eorumque</span> <span class='ocrx_word' id='word_1_47' title='bbox 2908 1925 3210 2035; x_wconf 89' lang='lat' dir='ltr'>prolem</span> <span class='ocrx_word' id='word_1_48' title='bbox 3255 1951 3434 2034; x_wconf 90' lang='lat' dir='ltr'>per-</span> 
     </span>
     <span class='ocr_line' id='line_1_9' title="bbox 785 2085 3436 2198; baseline -0 -28"><span class='ocrx_word' id='word_1_49' title='bbox 785 2085 1029 2172; x_wconf 91' lang='lat' dir='ltr'>nicies</span> <span class='ocrx_word' id='word_1_50' title='bbox 1094 2094 1451 2190; x_wconf 87' lang='lat' dir='ltr'>maneat,</span> <span class='ocrx_word' id='word_1_51' title='bbox 1519 2086 1669 2171; x_wconf 90' lang='lat' dir='ltr'>nisi</span> <span class='ocrx_word' id='word_1_52' title='bbox 1734 2087 2199 2198; x_wconf 82' lang='lat' dir='ltr'>tempestive</span> <span class='ocrx_word' id='word_1_53' title='bbox 2265 2087 2414 2171; x_wconf 86' lang='lat' dir='ltr'>sibi</span> <span class='ocrx_word' id='word_1_54' title='bbox 2480 2094 2829 2173; x_wconf 89' lang='lat' dir='ltr'>caveant.</span> <span class='ocrx_word' id='word_1_55' title='bbox 2896 2087 3098 2170; x_wconf 87' lang='lat' dir='ltr'>Tum</span> <span class='ocrx_word' id='word_1_56' title='bbox 3161 2085 3436 2171; x_wconf 91' lang='lat' dir='ltr'>soller-</span> 
     </span>
     <span class='ocr_line' id='line_1_10' title="bbox 783 2247 3436 2361; baseline -0.001 -28"><span class='ocrx_word' id='word_1_57' title='bbox 783 2247 1086 2333; x_wconf 89' lang='lat' dir='ltr'>tissima</span> <span class='ocrx_word' id='word_1_58' title='bbox 1150 2255 1231 2335; x_wconf 89' lang='lat' dir='ltr'>et</span> <span class='ocrx_word' id='word_1_59' title='bbox 1293 2247 1869 2360; x_wconf 89' lang='lat' dir='ltr'>impensissima</span> <span class='ocrx_word' id='word_1_60' title='bbox 1934 2278 2171 2361; x_wconf 88' lang='lat' dir='ltr'>opera</span> <span class='ocrx_word' id='word_1_61' title='bbox 2234 2252 2489 2334; x_wconf 87' lang='lat' dir='ltr'>danda</span> <span class='ocrx_word' id='word_1_62' title='bbox 2534 2249 2705 2353; x_wconf 82' lang='lat' dir='ltr'>erit,</span> <span class='ocrx_word' id='word_1_63' title='bbox 2752 2256 2841 2333; x_wconf 92' lang='lat' dir='ltr'>ut</span> <span class='ocrx_word' id='word_1_64' title='bbox 2883 2247 3230 2334; x_wconf 89' lang='lat' dir='ltr'>remedia</span> <span class='ocrx_word' id='word_1_65' title='bbox 3271 2254 3436 2333; x_wconf 91' lang='lat' dir='ltr'>tam</span> 
     </span>
     <span class='ocr_line' id='line_1_11' title="bbox 785 2408 3434 2522; baseline 0 -29"><span class='ocrx_word' id='word_1_66' title='bbox 785 2439 988 2520; x_wconf 89' lang='lat' dir='ltr'>quae</span> <span class='ocrx_word' id='word_1_67' title='bbox 1055 2440 1100 2493; x_wconf 89' lang='lat' dir='ltr'>a</span> <span class='ocrx_word' id='word_1_68' title='bbox 1163 2410 1545 2496; x_wconf 90' lang='lat' dir='ltr'>Pontifice</span> <span class='ocrx_word' id='word_1_69' title='bbox 1609 2418 2174 2522; x_wconf 86' lang='lat' dir='ltr'>proponuntur3</span> <span class='ocrx_word' id='word_1_70' title='bbox 2224 2440 2461 2521; x_wconf 90' lang='lat' dir='ltr'>quam</span> <span class='ocrx_word' id='word_1_71' title='bbox 2528 2438 2728 2520; x_wconf 87' lang='lat' dir='ltr'>quae</span> <span class='ocrx_word' id='word_1_72' title='bbox 2792 2409 3108 2522; x_wconf 90' lang='lat' dir='ltr'>propria</span> <span class='ocrx_word' id='word_1_73' title='bbox 3172 2408 3434 2495; x_wconf 90' lang='lat' dir='ltr'>cuius-</span> 
     </span>
     <span class='ocr_line' id='line_1_12' title="bbox 787 2569 3437 2682; baseline -0.001 -27"><span class='ocrx_word' id='word_1_74' title='bbox 787 2600 940 2681; x_wconf 90' lang='lat' dir='ltr'>que</span> <span class='ocrx_word' id='word_1_75' title='bbox 1005 2571 1422 2682; x_wconf 88' lang='lat' dir='ltr'>prudentia</span> <span class='ocrx_word' id='word_1_76' title='bbox 1486 2570 1843 2676; x_wconf 85' lang='lat' dir='ltr'>suaserit,</span> <span class='ocrx_word' id='word_1_77' title='bbox 1910 2569 2460 2659; x_wconf 85' lang='lat' dir='ltr'>adhibeantur.</span> <span class='ocrx_word' id='word_1_78' title='bbox 2500 2620 2620 2635; x_wconf 91' lang='lat'>--</span> <span class='ocrx_word' id='word_1_79' title='bbox 2665 2570 3022 2655; x_wconf 91' lang='lat' dir='ltr'>Primum</span> <span class='ocrx_word' id='word_1_80' title='bbox 3086 2569 3437 2655; x_wconf 86' lang='lat' dir='ltr'>omniurn</span> 
     </span>
     <span class='ocr_line' id='line_1_13' title="bbox 789 2706 3434 2843; baseline 0 -27"><span class='ocrx_word' id='word_1_81' title='bbox 789 2732 1132 2818; x_wconf 88' lang='lat' dir='ltr'>excitare</span> <span class='ocrx_word' id='word_1_82' title='bbox 1197 2731 1279 2816; x_wconf 92' lang='lat' dir='ltr'>in</span> <span class='ocrx_word' id='word_1_83' title='bbox 1343 2731 1549 2817; x_wconf 86' lang='lat' dir='ltr'>hanc</span> <span class='ocrx_word' id='word_1_84' title='bbox 1613 2761 1782 2818; x_wconf 88' lang='lat' dir='ltr'>rem</span> <span class='ocrx_word' id='word_1_85' title='bbox 1848 2738 2158 2843; x_wconf 91' lang='lat' dir='ltr'>oportet</span> <span class='ocrx_word' id='word_1_86' title='bbox 2222 2706 2690 2816; x_wconf 83' lang='lat' dir='ltr'>industriam</span> <span class='ocrx_word' id='word_1_87' title='bbox 2771 2731 3434 2840; x_wconf 86' lang='lat' dir='ltr'>sedulitatemque</span> 
     </span>
     <span class='ocr_line' id='line_1_14' title="bbox 785 2890 3439 3005; baseline -0.001 -28"><span class='ocrx_word' id='word_1_88' title='bbox 785 2891 1341 3005; x_wconf 84' lang='lat' dir='ltr'>parochorum3</span> <span class='ocrx_word' id='word_1_89' title='bbox 1410 2890 1693 2978; x_wconf 88' lang='lat' dir='ltr'>deinde</span> <span class='ocrx_word' id='word_1_90' title='bbox 1780 2891 2285 2977; x_wconf 89' lang='lat' dir='ltr'>adsciscenda</span> <span class='ocrx_word' id='word_1_91' title='bbox 2345 2890 2788 3003; x_wconf 82' lang='lat' dir='ltr'>generatim</span> <span class='ocrx_word' id='word_1_92' title='bbox 2853 2919 3123 2977; x_wconf 89' lang='lat' dir='ltr'>eorum</span> <span class='ocrx_word' id='word_1_93' title='bbox 3202 2918 3439 3000; x_wconf 87' lang='lat' dir='ltr'>opera</span> 
     </span>
     <span class='ocr_line' id='line_1_15' title="bbox 788 3048 3438 3166; baseline -0.003 -26"><span class='ocrx_word' id='word_1_94' title='bbox 788 3062 930 3161; x_wconf 79' lang='lat' dir='ltr'>cst,</span> <span class='ocrx_word' id='word_1_95' title='bbox 1001 3055 1287 3166; x_wconf 90' lang='lat' dir='ltr'>quibus</span> <span class='ocrx_word' id='word_1_96' title='bbox 1352 3086 1399 3140; x_wconf 89' lang='lat' dir='ltr'>a</span> <span class='ocrx_word' id='word_1_97' title='bbox 1458 3057 1848 3141; x_wconf 88' lang='lat' dir='ltr'>bonorum</span> <span class='ocrx_word' id='word_1_98' title='bbox 1914 3055 2264 3141; x_wconf 92' lang='lat' dir='ltr'>omnium</span> <span class='ocrx_word' id='word_1_99' title='bbox 2308 3054 2684 3166; x_wconf 87' lang='lat' dir='ltr'>largitore</span> <span class='ocrx_word' id='word_1_100' title='bbox 2728 3054 2901 3139; x_wconf 90' lang='lat' dir='ltr'>Deo</span> <span class='ocrx_word' id='word_1_101' title='bbox 2945 3051 3276 3137; x_wconf 86' lang='lat' dir='ltr'>facultas</span> <span class='ocrx_word' id='word_1_102' title='bbox 3319 3048 3438 3134; x_wconf 91' lang='lat' dir='ltr'>di-</span> 
     </span>
     <span class='ocr_line' id='line_1_16' title="bbox 787 3209 3439 3326; baseline -0.002 -25"><span class='ocrx_word' id='word_1_103' title='bbox 787 3216 1014 3301; x_wconf 90' lang='lat' dir='ltr'>cendi</span> <span class='ocrx_word' id='word_1_104' title='bbox 1079 3224 1216 3302; x_wconf 89' lang='lat' dir='ltr'>aut</span> <span class='ocrx_word' id='word_1_105' title='bbox 1280 3216 1674 3303; x_wconf 91' lang='lat' dir='ltr'>scribendi</span> <span class='ocrx_word' id='word_1_106' title='bbox 1737 3216 2033 3300; x_wconf 90' lang='lat' dir='ltr'>tributa</span> <span class='ocrx_word' id='word_1_107' title='bbox 2097 3223 2218 3302; x_wconf 89' lang='lat' dir='ltr'>est</span> <span class='ocrx_word' id='word_1_108' title='bbox 2253 3281 2271 3318; x_wconf 92' lang='lat'>,</span> <span class='ocrx_word' id='word_1_109' title='bbox 2337 3216 2464 3301; x_wconf 91' lang='lat' dir='ltr'>vel</span> <span class='ocrx_word' id='word_1_110' title='bbox 2541 3214 2828 3326; x_wconf 85' lang='lat' dir='ltr'>quibus</span> <span class='ocrx_word' id='word_1_111' title='bbox 2912 3212 3154 3298; x_wconf 90' lang='lat' dir='ltr'>divini</span> <span class='ocrx_word' id='word_1_112' title='bbox 3217 3209 3439 3297; x_wconf 89' lang='lat' dir='ltr'>verbi</span> 
     </span>
     <span class='ocr_line' id='line_1_17' title="bbox 784 3370 3443 3488; baseline -0.002 -28"><span class='ocrx_word' id='word_1_113' title='bbox 784 3378 1329 3480; x_wconf 87' lang='lat' dir='ltr'>annuntiandi,</span> <span class='ocrx_word' id='word_1_114' title='bbox 1365 3378 1491 3464; x_wconf 90' lang='lat' dir='ltr'>vel</span> <span class='ocrx_word' id='word_1_115' title='bbox 1556 3375 2027 3462; x_wconf 85' lang='lat' dir='ltr'>christianae</span> <span class='ocrx_word' id='word_1_116' title='bbox 2091 3374 2345 3488; x_wconf 90' lang='lat' dir='ltr'>plebis</span> <span class='ocrx_word' id='word_1_117' title='bbox 2411 3407 2457 3461; x_wconf 91' lang='lat' dir='ltr'>a</span> <span class='ocrx_word' id='word_1_118' title='bbox 2523 3375 2772 3487; x_wconf 90' lang='lat' dir='ltr'>culpis</span> <span class='ocrx_word' id='word_1_119' title='bbox 2817 3374 3273 3487; x_wconf 83' lang='lat' dir='ltr'>expiandae,</span> <span class='ocrx_word' id='word_1_120' title='bbox 3316 3370 3443 3457; x_wconf 91' lang='lat' dir='ltr'>vel</span> 
     </span>
     <span class='ocr_line' id='line_1_18' title="bbox 786 3535 3442 3638; baseline -0.002 -14"><span class='ocrx_word' id='word_1_121' title='bbox 786 3539 1026 3624; x_wconf 90' lang='lat' dir='ltr'>etiam</span> <span class='ocrx_word' id='word_1_122' title='bbox 1088 3538 1520 3625; x_wconf 88' lang='lat' dir='ltr'>iuventutis</span> <span class='ocrx_word' id='word_1_123' title='bbox 1584 3538 2114 3624; x_wconf 86' lang='lat' dir='ltr'>instituendae</span> <span class='ocrx_word' id='word_1_124' title='bbox 2181 3567 2372 3623; x_wconf 88' lang='lat' dir='ltr'>cura</span> <span class='ocrx_word' id='word_1_125' title='bbox 2414 3539 2883 3623; x_wconf 87' lang='lat' dir='ltr'>demandata</span> <span class='ocrx_word' id='word_1_126' title='bbox 2923 3535 3181 3638; x_wconf 88' lang='lat' dir='ltr'>fuerit,</span> <span class='ocrx_word' id='word_1_127' title='bbox 3228 3541 3318 3620; x_wconf 93' lang='lat' dir='ltr'>ut</span> <span class='ocrx_word' id='word_1_128' title='bbox 3361 3540 3442 3620; x_wconf 93' lang='lat' dir='ltr'>et</span> 
     </span>
     <span class='ocr_line' id='line_1_19' title="bbox 786 3696 3442 3815; baseline -0.002 -28"><span class='ocrx_word' id='word_1_129' title='bbox 786 3702 936 3815; x_wconf 91' lang='lat' dir='ltr'>ipsi</span> <span class='ocrx_word' id='word_1_130' title='bbox 999 3704 1308 3789; x_wconf 89' lang='lat' dir='ltr'>labores</span> <span class='ocrx_word' id='word_1_131' title='bbox 1372 3730 1556 3788; x_wconf 91' lang='lat' dir='ltr'>suos</span> <span class='ocrx_word' id='word_1_132' title='bbox 1624 3703 2029 3788; x_wconf 88' lang='lat' dir='ltr'>conferant</span> <span class='ocrx_word' id='word_1_133' title='bbox 2093 3704 2192 3786; x_wconf 90' lang='lat' dir='ltr'>ad</span> <span class='ocrx_word' id='word_1_134' title='bbox 2236 3702 2683 3811; x_wconf 82' lang='lat' dir='ltr'>detegenda</span> <span class='ocrx_word' id='word_1_135' title='bbox 2735 3701 3187 3786; x_wconf 88' lang='lat' dir='ltr'>Massonum</span> <span class='ocrx_word' id='word_1_136' title='bbox 3251 3696 3442 3782; x_wconf 88' lang='lat' dir='ltr'>alia-</span> 
     </span>
     <span class='ocr_line' id='line_1_20' title="bbox 788 3858 3446 3975; baseline -0.004 -24"><span class='ocrx_word' id='word_1_137' title='bbox 788 3894 1121 3975; x_wconf 90' lang='lat' dir='ltr'>rumque</span> <span class='ocrx_word' id='word_1_138' title='bbox 1186 3868 1731 3950; x_wconf 90' lang='lat' dir='ltr'>damnatarum</span> <span class='ocrx_word' id='word_1_139' title='bbox 1797 3861 2267 3948; x_wconf 87' lang='lat' dir='ltr'>societatum</span> <span class='ocrx_word' id='word_1_140' title='bbox 2330 3861 2570 3973; x_wconf 89' lang='lat' dir='ltr'>impia</span> <span class='ocrx_word' id='word_1_141' title='bbox 2633 3860 2920 3971; x_wconf 90' lang='lat' dir='ltr'>placita</span> <span class='ocrx_word' id='word_1_142' title='bbox 2984 3865 3065 3945; x_wconf 91' lang='lat' dir='ltr'>et</span> <span class='ocrx_word' id='word_1_143' title='bbox 3128 3858 3446 3943; x_wconf 83' lang='lat' dir='ltr'>infanda</span> 
     </span>
     <span class='ocr_line' id='line_1_21' title="bbox 787 4014 3444 4128; baseline -0.004 -17"><span class='ocrx_word' id='word_1_144' title='bbox 787 4026 1212 4128; x_wconf 87' lang='lat' dir='ltr'>molimina,</span> <span class='ocrx_word' id='word_1_145' title='bbox 1281 4032 1361 4111; x_wconf 93' lang='lat' dir='ltr'>et</span> <span class='ocrx_word' id='word_1_146' title='bbox 1426 4027 1524 4109; x_wconf 90' lang='lat' dir='ltr'>ad</span> <span class='ocrx_word' id='word_1_147' title='bbox 1587 4024 2077 4110; x_wconf 90' lang='lat' dir='ltr'>reducendos</span> <span class='ocrx_word' id='word_1_148' title='bbox 2143 4021 2223 4105; x_wconf 91' lang='lat' dir='ltr'>in</span> <span class='ocrx_word' id='word_1_149' title='bbox 2289 4020 2494 4107; x_wconf 90' lang='lat' dir='ltr'>viam</span> <span class='ocrx_word' id='word_1_150' title='bbox 2539 4019 2813 4104; x_wconf 89' lang='lat' dir='ltr'>salutis</span> <span class='ocrx_word' id='word_1_151' title='bbox 2859 4047 3019 4118; x_wconf 80' lang='lat' dir='ltr'>cOS,</span> <span class='ocrx_word' id='word_1_152' title='bbox 3087 4016 3223 4128; x_wconf 89' lang='lat' dir='ltr'>qui</span> <span class='ocrx_word' id='word_1_153' title='bbox 3280 4014 3444 4101; x_wconf 86' lang='lat' dir='ltr'>sive</span> 
     </span>
     <span class='ocr_line' id='line_1_22' title="bbox 788 4181 3445 4293; baseline -0.005 -18"><span class='ocrx_word' id='word_1_154' title='bbox 788 4195 1089 4275; x_wconf 89' lang='lat' dir='ltr'>temere</span> <span class='ocrx_word' id='word_1_155' title='bbox 1154 4195 1235 4274; x_wconf 93' lang='lat' dir='ltr'>et</span> <span class='ocrx_word' id='word_1_156' title='bbox 1297 4188 1611 4274; x_wconf 83' lang='lat' dir='ltr'>incaute</span> <span class='ocrx_word' id='word_1_157' title='bbox 1639 4252 1657 4289; x_wconf 90' lang='lat'>,</span> <span class='ocrx_word' id='word_1_158' title='bbox 1724 4186 1888 4272; x_wconf 88' lang='lat' dir='ltr'>sive</span> <span class='ocrx_word' id='word_1_159' title='bbox 1955 4185 2312 4271; x_wconf 90' lang='lat' dir='ltr'>consulto</span> <span class='ocrx_word' id='word_1_160' title='bbox 2381 4191 2461 4270; x_wconf 90' lang='lat' dir='ltr'>et</span> <span class='ocrx_word' id='word_1_161' title='bbox 2526 4182 2871 4293; x_wconf 88' lang='lat' dir='ltr'>cogitato</span> <span class='ocrx_word' id='word_1_162' title='bbox 2954 4181 3053 4265; x_wconf 89' lang='lat' dir='ltr'>ad</span> <span class='ocrx_word' id='word_1_163' title='bbox 3117 4208 3249 4266; x_wconf 87' lang='lat' dir='ltr'>eas</span> <span class='ocrx_word' id='word_1_164' title='bbox 3314 4207 3445 4264; x_wconf 90' lang='lat' dir='ltr'>ac-</span> 
     </span>
     <span class='ocr_line' id='line_1_23' title="bbox 791 4303 3444 4460; baseline -0.005 -23"><span class='ocrx_word' id='word_1_165' title='bbox 791 4303 1214 4454; x_wconf 60' lang='lat' dir='ltr'>cesserint,</span> <span class='ocrx_word' id='word_1_166' title='bbox 1281 4357 1519 4460; x_wconf 90' lang='lat' dir='ltr'>atque</span> <span class='ocrx_word' id='word_1_167' title='bbox 1585 4351 1684 4432; x_wconf 88' lang='lat' dir='ltr'>ad</span> <span class='ocrx_word' id='word_1_168' title='bbox 1746 4347 1924 4432; x_wconf 90' lang='lat' dir='ltr'>illos</span> <span class='ocrx_word' id='word_1_169' title='bbox 2006 4346 2670 4457; x_wconf 88' lang='lat' dir='ltr'>praemonendos,</span> <span class='ocrx_word' id='word_1_170' title='bbox 2739 4341 2873 4453; x_wconf 90' lang='lat' dir='ltr'>qui</span> <span class='ocrx_word' id='word_1_171' title='bbox 2952 4343 3299 4427; x_wconf 90' lang='lat' dir='ltr'>nondum</span> <span class='ocrx_word' id='word_1_172' title='bbox 3363 4338 3444 4424; x_wconf 92' lang='lat' dir='ltr'>in</span> 
     </span>
     <span class='ocr_line' id='line_1_24' title="bbox 706 4508 1984 4621; baseline -0.005 -23"><span class='ocrx_word' id='word_1_173' title='bbox 706 4527 713 4532; x_wconf 82' lang='grc'><em>’</em></span> <span class='ocrx_word' id='word_1_174' title='bbox 753 4541 1062 4615; x_wconf 46' lang='lat' dir='ltr'>‚earum</span> <span class='ocrx_word' id='word_1_175' title='bbox 1125 4511 1450 4621; x_wconf 89' lang='lat' dir='ltr'>laqueos</span> <span class='ocrx_word' id='word_1_176' title='bbox 1514 4508 1984 4594; x_wconf 88' lang='lat' dir='ltr'>inciderunt.</span> 
     </span>
    </p>

    <p class='ocr_par' dir='ltr' id='par_1_4' title="bbox 792 4660 3445 5259">
     <span class='ocr_line' id='line_1_25' title="bbox 979 4660 3445 4781; baseline -0.005 -24"><span class='ocrx_word' id='word_1_177' title='bbox 979 4668 1106 4757; x_wconf 84' lang='lat'>3.⁰</span> <span class='ocrx_word' id='word_1_178' title='bbox 1171 4672 1292 4758; x_wconf 90' lang='lat' dir='ltr'>Ne</span> <span class='ocrx_word' id='word_1_179' title='bbox 1359 4669 1535 4781; x_wconf 89' lang='lat' dir='ltr'>quis</span> <span class='ocrx_word' id='word_1_180' title='bbox 1599 4695 1785 4755; x_wconf 91' lang='lat' dir='ltr'>vero</span> <span class='ocrx_word' id='word_1_181' title='bbox 1851 4665 2096 4754; x_wconf 91' lang='lat' dir='ltr'>errori</span> <span class='ocrx_word' id='word_1_182' title='bbox 2160 4666 2382 4750; x_wconf 90' lang='lat' dir='ltr'>locus</span> <span class='ocrx_word' id='word_1_183' title='bbox 2424 4664 2584 4766; x_wconf 88' lang='lat' dir='ltr'>fiat,</span> <span class='ocrx_word' id='word_1_184' title='bbox 2632 4691 2812 4748; x_wconf 92' lang='lat' dir='ltr'>cum</span> <span class='ocrx_word' id='word_1_185' title='bbox 2855 4660 3445 4746; x_wconf 90' lang='lat' dir='ltr'>diiudicandum</span> 
     </span>
     <span class='ocr_line' id='line_1_26' title="bbox 792 4824 3444 4944; baseline -0.005 -24"><span class='ocrx_word' id='word_1_186' title='bbox 792 4834 942 4920; x_wconf 90' lang='lat' dir='ltr'>erit</span> <span class='ocrx_word' id='word_1_187' title='bbox 971 4901 990 4938; x_wconf 95' lang='lat'>,</span> <span class='ocrx_word' id='word_1_188' title='bbox 1058 4861 1447 4944; x_wconf 89' lang='lat' dir='ltr'>quaenam</span> <span class='ocrx_word' id='word_1_189' title='bbox 1512 4859 1610 4916; x_wconf 91' lang='lat' dir='ltr'>ex</span> <span class='ocrx_word' id='word_1_190' title='bbox 1672 4828 1800 4913; x_wconf 90' lang='lat' dir='ltr'>his</span> <span class='ocrx_word' id='word_1_191' title='bbox 1864 4825 2325 4939; x_wconf 87' lang='lat' dir='ltr'>perniciosis</span> <span class='ocrx_word' id='word_1_192' title='bbox 2408 4824 2645 4910; x_wconf 88' lang='lat' dir='ltr'>sectis</span> <span class='ocrx_word' id='word_1_193' title='bbox 2733 4850 3111 4908; x_wconf 88' lang='lat' dir='ltr'>censurae</span> <span class='ocrx_word' id='word_1_194' title='bbox 3137 4887 3156 4922; x_wconf 88' lang='lat'><strong>‚</strong></span> <span class='ocrx_word' id='word_1_195' title='bbox 3242 4849 3444 4931; x_wconf 90' lang='lat' dir='ltr'>quae</span> 
     </span>
     <span class='ocr_line' id='line_1_27' title="bbox 792 4979 3444 5107; baseline -0.006 -25"><span class='ocrx_word' id='word_1_196' title='bbox 792 5024 977 5082; x_wconf 89' lang='lat' dir='ltr'>vero</span> <span class='ocrx_word' id='word_1_197' title='bbox 1042 4992 1552 5107; x_wconf 86' lang='lat' dir='ltr'>prohibitioni</span> <span class='ocrx_word' id='word_1_198' title='bbox 1616 4996 1927 5077; x_wconf 89' lang='lat' dir='ltr'>tantum</span> <span class='ocrx_word' id='word_1_199' title='bbox 1993 4986 2376 5074; x_wconf 87' lang='lat' dir='ltr'>obnoxiae</span> <span class='ocrx_word' id='word_1_200' title='bbox 2442 4983 2628 5087; x_wconf 87' lang='lat' dir='ltr'>sint,</span> <span class='ocrx_word' id='word_1_201' title='bbox 2690 4989 2996 5070; x_wconf 88' lang='lat' dir='ltr'>certum</span> <span class='ocrx_word' id='word_1_202' title='bbox 3058 4979 3444 5092; x_wconf 90' lang='lat' dir='ltr'>imprimis</span> 
     </span>
     <span class='ocr_line' id='line_1_28' title="bbox 794 5138 3441 5259; baseline -0.007 -17"><span class='ocrx_word' id='word_1_203' title='bbox 794 5162 936 5259; x_wconf 87' lang='lat' dir='ltr'>est,</span> <span class='ocrx_word' id='word_1_204' title='bbox 1006 5151 1812 5242; x_wconf 85' lang='lat' dir='ltr'>excommunicatione</span> <span class='ocrx_word' id='word_1_205' title='bbox 1877 5150 2083 5234; x_wconf 89' lang='lat' dir='ltr'>latae</span> <span class='ocrx_word' id='word_1_206' title='bbox 2149 5143 2589 5232; x_wconf 89' lang='lat' dir='ltr'>sententiae</span> <span class='ocrx_word' id='word_1_207' title='bbox 2675 5141 2994 5228; x_wconf 88' lang='lat' dir='ltr'>multari</span> <span class='ocrx_word' id='word_1_208' title='bbox 3060 5138 3441 5227; x_wconf 91' lang='lat' dir='ltr'>Massoni-</span> 
     </span>
    </p>
   </div>
   <div class='ocr_carea' id='block_1_3' title="bbox 797 5301 3438 5499">
    <p class='ocr_par' dir='ltr' id='par_1_5' title="bbox 797 5301 3438 5499">
     <span class='ocr_line' id='line_1_29' title="bbox 797 5301 3438 5422; baseline -0.006 -23"><span class='ocrx_word' id='word_1_209' title='bbox 797 5344 967 5399; x_wconf 89' lang='lat' dir='ltr'>cam</span> <span class='ocrx_word' id='word_1_210' title='bbox 1033 5312 1383 5422; x_wconf 90' lang='lat' dir='ltr'>aliasque</span> <span class='ocrx_word' id='word_1_211' title='bbox 1450 5311 1621 5397; x_wconf 92' lang='lat' dir='ltr'>eius</span> <span class='ocrx_word' id='word_1_212' title='bbox 1684 5307 2000 5420; x_wconf 87' lang='lat' dir='ltr'>generis</span> <span class='ocrx_word' id='word_1_213' title='bbox 2077 5314 2334 5391; x_wconf 90' lang='lat' dir='ltr'>sectas</span> <span class='ocrx_word' id='word_1_214' title='bbox 2422 5332 2625 5414; x_wconf 89' lang='lat' dir='ltr'>quae</span> <span class='ocrx_word' id='word_1_215' title='bbox 2714 5301 2966 5413; x_wconf 91' lang='lat' dir='ltr'>capite</span> <span class='ocrx_word' id='word_1_216' title='bbox 3047 5302 3126 5401; x_wconf 84' lang='lat'>2,</span> <span class='ocrx_word' id='word_1_217' title='bbox 3192 5329 3267 5383; x_wconf 91' lang='lat' dir='ltr'>n.</span> <span class='ocrx_word' id='word_1_218' title='bbox 3336 5329 3438 5403; x_wconf 89' lang='lat' dir='ltr'>1v,</span> 
     </span>
     <span class='ocr_line' id='line_1_30' title="bbox 3086 5458 3115 5499; baseline 0 0"><span class='ocrx_word' id='word_1_219' title='bbox 3086 5458 3115 5499; x_wconf 84' lang='lat'><strong>6</strong></span> 
     </span>
    </p>
   </div>
  </div>
 </body>
</html>
