4497 6714
3200 821 3302 897 55

797 997 1134 1106 gratiam
1199 1000 1667 1103 caelestem,
1736 1000 1871 1110 qui
1936 1009 2458 1104 sacramenta,
2545 1002 3286 1113 adipiscendamque
3367 1002 3449 1087 in

797 1156 1033 1241 caelis
1096 1157 1557 1244 felicitatem
1593 1187 1732 1270 pro
1766 1160 2061 1270 ignotis
2107 1168 2646 1271 aspernantur.
2685 1211 2807 1225 —
2843 1161 2966 1247 De
3011 1160 3286 1246 officiis
3329 1161 3446 1245 lo-

797 1316 1132 1427 quimur,
1201 1348 1402 1429 quae
1469 1350 1515 1404 a
1578 1322 1915 1405 naturali
1981 1319 2396 1408 honestate
2445 1326 2860 1407 ducuntur.
2916 1324 3190 1407 Mundi
3237 1323 3449 1408 enim

795 1479 1056 1588 opifex
1130 1480 1497 1590 idemque
1577 1482 1947 1592 providus
2031 1484 2517 1593 gubernator
2595 1485 2855 1569 Deus:
2931 1484 3062 1569 lex
3134 1490 3455 1569 aeterna

796 1642 1234 1728 naturalem
1300 1643 1654 1729 ordinem
1723 1644 2167 1728 conservari
2233 1644 2539 1749 iubens,
2625 1645 3065 1756 perturbari
3144 1651 3450 1730 vetans:

796 1802 1121 1889 ultimus
1185 1804 1597 1890 hominum
1680 1807 1856 1891 finis
1951 1808 2201 1894 multo
2302 1808 2683 1894 excelsior
2757 1811 2996 1894 rebus
3082 1807 3449 1893 humanis

798 1972 1018 2050 extra
1081 1966 1281 2054 haec
1346 1970 1744 2053 mundana
1805 1967 2148 2079 hospitia
2215 1969 2732 2054 constitutus:
2778 1968 2865 2052 hi
2926 1972 3206 2073 sonteS,
3251 1968 3451 2055 haec

794 2126 1176 2236 principia
1242 2136 1426 2213 sunt
1489 2128 1732 2213 totius
1797 2128 2144 2214 iustitiae
2212 2137 2292 2214 et
2355 2127 2818 2215 honestatis.
2867 2132 2985 2214 Ea
3049 2130 3114 2214 si
3163 2130 3448 2214 tollan-

795 2292 947 2390 tur,
996 2292 1205 2397 quod
1239 2289 1767 2376 Naturalistae
1835 2289 2197 2398 idemque
2270 2291 2673 2375 Massones
2730 2291 3006 2391 solent,
3077 2291 3447 2377 continuo

796 2446 978 2532 iusti
1048 2456 1129 2534 et
1192 2450 1461 2535 iniusti
1529 2450 1860 2536 scientia
1923 2449 2061 2534 ubi
2127 2449 2525 2554 consistat,
2594 2457 2674 2537 et
2738 2480 2893 2561 quo
2974 2481 3058 2537 se
3134 2458 3451 2537 tueatur

795 2609 1111 2695 omnino
1177 2640 1334 2696 non
1400 2609 1748 2696 habebit.
1785 2613 1890 2695 Et
1932 2639 2119 2696 sane
2166 2610 2577 2720 disciplina
2631 2640 2962 2712 morum,
3002 2641 3201 2722 quae
3236 2614 3447 2697 Mas-

795 2799 1075 2857 sonum
1107 2769 1447 2855 familiae
1499 2772 1877 2880 probatur
1919 2768 2174 2872 unice,
2222 2776 2303 2854 et
2348 2799 2502 2880 qua
2545 2770 2944 2855 informari
2990 2772 3446 2857 adolescen-

794 2941 958 3020 tem
1022 2941 1364 3019 aetatem
1431 2935 1916 3019 contendunt
1981 2938 2368 3042 oportere,
2436 2961 2530 3017 ea
2574 2941 2694 3018 est
2748 2962 2982 3043 quam
3030 2941 3110 3021 et
3153 2944 3450 3022 civicam

790 3094 1201 3180 nominant
1268 3102 1348 3180 et
1411 3098 1727 3182 solutam
1824 3122 1915 3178 ac
2014 3097 2316 3180 liberam
2327 3126 2359 3197 ;
2424 3093 2728 3178 scilicet
2823 3094 2904 3177 in
2971 3123 3126 3204 qua
3189 3094 3450 3205 opinio

794 3256 1011 3340 nulla
1076 3255 1177 3338 sit
1240 3254 1647 3366 religionis
1715 3253 2042 3338 inclusa.
2110 3250 2216 3337 At
2280 3280 2467 3339 vero
2533 3282 2769 3364 quam
2836 3255 3060 3366 inops
3127 3255 3260 3339 illa
3325 3255 3450 3360 sit,

796 3445 1033 3526 quam
1098 3415 1489 3500 firmitatis
1555 3442 1858 3525 expers,
1928 3421 2008 3499 et
2072 3417 2171 3498 ad
2236 3443 2552 3500 omnem
2616 3444 2887 3500 auram
2933 3417 3453 3528 cupiditatum

797 3579 1135 3683 mobilis,
1203 3578 1391 3664 satis
1456 3577 1896 3664 ostenditur
1959 3607 2058 3664 ex
2122 3577 2241 3680 iis,
2312 3577 2446 3687 qui
2510 3578 2796 3687 partim
2848 3578 3003 3662 iam
3049 3586 3449 3690 apparent,

806 3742 1300 3853 poenitendis
1364 3740 1773 3825 fructibus
1843 3739 2003 3826 Ubi
2069 3738 2280 3824 enim
2323 3768 2658 3849 regnare
2711 3738 2848 3823 illa
2908 3740 3234 3827 liberius
3279 3769 3459 3827 coe-

803 3906 941 4017 pit,
1010 3908 1328 3990 demota
1391 3903 1565 3987 loco
1630 3900 2123 3986 institutione
2193 3900 2641 4003 christiana,
2709 3901 2819 3985 ibi
2896 3902 3259 3987 celeriter
3321 3906 3460 3988 de-

800 4066 1059 4178 perire
1125 4064 1351 4175 probi
1416 4063 1870 4174 integrique
1936 4091 2233 4148 mores:
2303 4062 2762 4172 opinionum
2827 4070 3031 4148 tetra
3098 4071 3462 4175 portenta

805 4228 1383 4314 convalescere:
1450 4227 1844 4337 plenoque
1925 4228 2180 4335 gradu
2255 4224 2580 4308 audacia
2665 4229 3088 4310 ascendere
3163 4226 3460 4311 malefi-

716 4370 725 4379 ⁶
805 4390 1126 4475 ciorum.
1199 4387 1421 4491 Quod
1488 4386 1805 4496 quidem
1871 4385 2111 4494 vulgo
2191 4391 2780 4494 conqueruntur
2857 4392 2937 4470 et
3012 4384 3460 4494 deplorant:

807 4551 1173 4659 idemque
1239 4576 1396 4632 non
1460 4547 1690 4658 pauci
1758 4576 1856 4632 ex
1919 4545 2037 4649 iis,
2108 4545 2242 4655 qui
2307 4544 2630 4631 minime
2684 4545 3003 4650 vellent,
3047 4545 3463 4656 perspicua

807 4711 1136 4797 veritate
1206 4707 1613 4820 compulsi,
1679 4707 1897 4792 haud
1958 4734 2134 4791 raro
2200 4713 2617 4791 testantur.

994 4873 1441 4970 Praeterea,
1510 4865 1881 4976 quoniam
1946 4872 2067 4950 est
2130 4863 2543 4950 hominum
2627 4873 2907 4950 natura
2984 4865 3215 4978 primi
3282 4867 3460 4954 labe

807 5030 1113 5143 peccati
1146 5028 1576 5139 inquinata,
1614 5035 1693 5112 et
1740 5028 1838 5111 ob
1881 5026 2087 5110 hanc
2134 5055 2491 5111 caussam
2535 5027 2782 5111 multo
2827 5029 2924 5110 ad
2968 5027 3158 5112 vitia
3224 5056 3462 5137 quam

812 5195 912 5277 ad
972 5192 1304 5277 virtutes
1366 5190 1847 5301 propensior,
1916 5187 2066 5274 hoc
2132 5188 2448 5274 omnino
2513 5191 2612 5272 ad
2653 5187 3153 5274 honestatem
3196 5190 3460 5299 requi-

813 5354 1035 5457 ritur,
1075 5351 1446 5438 cohibere
1510 5360 1771 5435 motus
1818 5350 2058 5434 animi
2101 5350 2456 5435 turbidos
2501 5358 2581 5435 et
2626 5351 3021 5462 appetitus
3086 5351 3459 5437 obedien-
