4497 6714
3171 826 3274 905 59

960 1016 1190 1102 Secta
1230 1015 1502 1126 igitur
1565 1015 2017 1099 Massonum
2085 1013 2274 1123 quid
2340 1014 2464 1115 sit,
2534 1019 2614 1098 et
2659 1015 2868 1121 quod
2911 1012 3061 1096 iter
3108 1012 3428 1096 affectet

775 1204 871 1261 ex
934 1175 1061 1260 his
1125 1202 1327 1284 quae
1394 1173 1846 1257 summatim
1912 1173 2345 1284 attigimus,
2414 1173 2603 1257 satis
2661 1173 2943 1259 elucet.
2992 1171 3429 1281 Praecipua

775 1341 1123 1452 ipsorum
1187 1340 1558 1448 dogmata
1622 1343 1785 1420 tam
1847 1335 2074 1421 valde
2140 1365 2186 1419 a
2248 1335 2551 1420 ratione
2620 1365 2709 1420 ac
2774 1342 2936 1419 tam
3011 1334 3427 1419 manifesto

770 1502 1251 1611 discrepant,
1318 1506 1407 1582 ut
1472 1496 1669 1581 nihil
1733 1497 1979 1608 possit
2044 1525 2215 1582 esse
2282 1498 2748 1609 perversius
2805 1497 3307 1608 Religionem
3352 1504 3432 1582 et

781 1662 1242 1765 Ecclesiam,
1292 1690 1527 1771 quam
1571 1660 1790 1744 Deus
1855 1660 2021 1770 ipse
2088 1659 2459 1761 condidit,
2526 1659 2893 1769 idemque
2959 1663 3055 1743 ad
3117 1658 3436 1743 immor-

783 1824 1173 1910 talitatem
1207 1829 1499 1923 tuetur,
1536 1820 1738 1906 velle
1785 1820 2166 1923 demoliri,
2203 1848 2620 1931 moresque
2657 1829 2736 1905 et
2770 1790 3131 1905 instituta
3175 1818 3436 1905 ethni-

789 2013 1060 2069 corum
1104 1980 1646 2092 duodeviginti
1692 1980 2186 2066 saeculorum
2220 1980 2631 2066 intervallo
2666 2009 3059 2082 revocare,
3105 1980 3439 2090 insignis

791 2145 1171 2232 stultitiae
1240 2149 1360 2229 est
1425 2141 2009 2253 impietatisque
2077 2141 2665 2227 audacissimae.
2713 2144 2992 2252 Neque
3058 2143 3252 2227 illud
3315 2141 3440 2227 vel

790 2308 1167 2394 horribile
1233 2307 1516 2410 minuS,
1582 2305 1708 2390 vel
1771 2305 2022 2391 levius
2086 2308 2519 2410 ferendum,
2588 2309 2798 2416 quod
2868 2306 3254 2391 beneficia
3317 2334 3443 2390 re-

794 2470 1220 2583 pudientur
1281 2496 1422 2579 per
1485 2469 1752 2551 Iesum
1818 2465 2221 2551 Christum
2283 2467 2630 2577 benigne
2695 2475 2917 2579 parta
2981 2497 3237 2579 neque
3300 2468 3447 2553 ho-

797 2630 1147 2716 minibus
1213 2630 1465 2714 solum
1530 2628 1889 2740 singulis,
1956 2632 2096 2715 sed
2159 2631 2285 2716 vel
2350 2630 2643 2715 familia
2707 2631 2830 2716 vel
2889 2630 3449 2716 communitate

802 2792 1010 2879 civili
1069 2789 1570 2894 consociatis3
1640 2818 1840 2899 quae
1882 2790 2268 2875 beneficia
2311 2790 2479 2901 ipso
2522 2789 2916 2876 habentur
2957 2791 3453 2876 inimicorum

803 2953 1096 3039 iudicio
1120 2951 1728 3061 testimonioque
1754 2951 2115 3035 maxima.
2139 2953 2233 3034 In
2258 2950 2708 3037 huiusmodi
2733 2953 3136 3038 voluntate
3171 2982 3458 3038 vesana

806 3123 885 3199 et
928 3112 1138 3203 tetra
1180 3112 1641 3223 recognosci
1686 3114 2253 3224 propemodum
2295 3112 2606 3199 videtur
2658 3141 2887 3224 posse
2932 3114 3129 3198 illud
3172 3114 3455 3224 ipsum,

808 3303 963 3386 quo
1031 3274 1359 3360 Satanas
1424 3271 1507 3356 in
1570 3273 1838 3356 Iesum
1905 3269 2309 3356 Christum
2366 3275 2610 3375 ardet,
2657 3272 3129 3383 inexpiabile
3196 3274 3461 3357 odium

810 3434 1398 3543 ulciscendique
1464 3432 1729 3517 libido.
1766 3481 1888 3495 —
1924 3431 2301 3517 Similiter
2355 3432 2551 3516 illud
2595 3433 2953 3536 alterum,
3000 3437 3211 3544 quod
3255 3435 3464 3519 Mas-

819 3624 1051 3682 sones
1094 3593 1610 3681 vehementer
1654 3600 2060 3695 conantur,
2127 3592 2326 3678 recti
2391 3600 2628 3703 atque
2673 3591 2985 3680 honesti
3049 3595 3470 3707 praecipua

815 3758 1328 3842 fundamenta
1372 3760 1752 3858 evertere,
1791 3754 2345 3864 adiutoresque
2382 3783 2466 3840 se
2501 3757 2878 3866 praebere
2913 3754 3034 3859 iis,
3073 3756 3207 3866 qui
3249 3784 3468 3841 more

815 3919 1205 4029 pecudum
1273 3917 1823 4023 quodcumque
1889 3914 2184 4017 libeat,
2279 3914 2490 4001 idem
2553 3916 2792 4001 licere
2858 3917 3206 4019 vellent,
3272 3915 3472 4000 nihil

819 4084 939 4162 est
1004 4077 1218 4160 aliud
1282 4105 1518 4185 quam
1585 4104 1841 4186 genus
1904 4076 2343 4160 humanum
2409 4105 2589 4162 cum
2634 4077 3069 4188 ignominia
3113 4085 3192 4163 et
3236 4081 3475 4164 dede-

821 4265 999 4322 core
1067 4240 1165 4321 ad
1228 4236 1635 4320 interitum
1701 4236 2130 4347 impellere.
2184 4286 2301 4300 —-
2347 4237 2672 4348 Augent
2736 4265 2921 4321 vero
3001 4237 3294 4321 malum
3359 4266 3474 4340 ea,

822 4426 1024 4506 quae
1090 4396 1172 4479 in
1238 4395 1695 4481 societatem
1763 4425 1942 4480 cum
2007 4397 2519 4482 domesticam
2605 4404 2774 4481 tum
2843 4396 3151 4481 civilem
3216 4397 3476 4481 inten-

825 4560 1117 4640 duntur
1180 4556 1551 4668 pericula.
1642 4557 1867 4661 Quod
1952 4557 2161 4642 enim
2243 4557 2434 4641 alias
2518 4557 3045 4668 exposuimus,
3134 4558 3338 4643 inest
3402 4558 3483 4643 in

827 4717 1324 4802 matrimonio
1391 4746 1698 4801 sacrum
1764 4726 1844 4802 et
1907 4717 2372 4828 religiosum
2456 4718 2827 4827 quiddam
2904 4719 3253 4805 omnium
3320 4722 3484 4805 fere

774 4897 777 4900 ‘
831 4888 911 4965 et
974 4880 1335 4990 gentium
1401 4888 1481 4966 et
1546 4886 1896 4966 aetatum
1962 4909 2389 4965 consensu:
2456 4881 2719 4966 divina
2763 4888 3030 4966 autem
3073 4883 3254 4993 lege
3302 4912 3487 4968 cau-

832 5049 1005 5124 tum
1071 5068 1267 5144 esse,
1336 5069 1433 5126 ne
1492 5041 1859 5151 coniugia
1924 5040 2183 5123 dirimi
2248 5040 2508 5125 liceat.
2576 5042 2694 5125 Ea
2759 5041 2824 5126 si
2888 5044 3214 5151 profana
3277 5042 3490 5143 fiant,

837 5201 900 5284 si
967 5199 1295 5285 distrahi
1360 5200 1617 5305 liceat,
1668 5208 2193 5310 consequatur
2259 5201 2339 5284 in
2389 5201 2685 5286 familia
2728 5231 3052 5288 necesse
3098 5211 3218 5288 est
3262 5204 3495 5287 turba

841 5368 921 5445 et
1007 5361 1393 5464 confusio,
1486 5361 2028 5447 excidentibus
2107 5362 2204 5446 de
2292 5361 2676 5472 dignitate
2758 5362 3107 5465 seminis,
3193 5363 3528 5480 incerta-
