4497 6714
3103 811 3247 889 157

741 998 1117 1105 probatus
1182 998 1483 1080 firmam
1549 1028 1771 1108 spem
1836 1001 2232 1106 praebeat,
2303 1026 2475 1082 sese
2532 998 2612 1079 in
2661 995 3216 1081 ecclesiasticis
3254 994 3402 1078 mi-

744 1155 1087 1242 nisteriis
1154 1183 1324 1241 esse
1390 1163 1772 1267 perpetuo
1838 1157 2422 1242 inserviturum.

927 1317 1144 1402 VIII.
1213 1319 1305 1400 In
1371 1316 1709 1401 alumnis
1795 1317 2018 1402 novis
2106 1316 2633 1401 adsciscendis
2702 1315 3041 1426 Collegii
3107 1317 3403 1399 Rector

740 1507 919 1562 cum
985 1477 1394 1588 Episcopis
1459 1484 1646 1588 agat
1711 1479 1809 1562 ad
1876 1506 2210 1588 quorum
2277 1476 2726 1561 Dioecesim
2771 1476 2918 1586 ipsi
2964 1474 3391 1587 pertinent3

738 1650 908 1728 tum
972 1646 1069 1728 de
1135 1641 1470 1753 singulis
1535 1642 1670 1751 qui
1736 1641 2176 1753 excipiendi
2222 1648 2454 1727 erunt
2501 1643 2598 1723 ad
2629 1642 2920 1724 Emum
2955 1640 3390 1723 Patronum

735 1807 1046 1908 referat,
1114 1805 1629 1913 alumnosque
1692 1803 1886 1889 item
1950 1812 2376 1913 antequam
2440 1801 2885 1912 Collegium
2929 1800 3387 1911 ingredian-

737 1970 889 2068 tur,
958 1972 1094 2049 aut
1158 1964 1238 2048 in
1302 1963 1635 2075 patriam
1701 1965 2050 2065 redeant,
2120 1990 2382 2046 coram
2448 1963 2646 2046 Esno
2716 1962 3059 2045 Patrono
3139 1959 3397 2044 sistat.

925 2129 1069 2210 IX.
1137 2124 1457 2210 Alumni
1525 2131 1949 2234 antequam
2014 2128 2111 2208 ad
2178 2125 2454 2211 Sacros
2510 2123 2840 2208 Ordines
2873 2150 3398 2232 promovean-

737 2295 889 2390 tur,
957 2287 1486 2372 iuramentum
1549 2287 1647 2371 de
1712 2314 1930 2371 more
1997 2286 2386 2385 emittant,
2454 2293 2542 2369 ut
2605 2286 2688 2369 in
2754 2283 3131 2395 Collegiis
3174 2285 3393 2368 Pon-

738 2446 1000 2532 tificiis
1065 2446 1238 2532 fieri
1304 2446 1527 2532 solet.

928 2611 1030 2694 X.
1098 2608 1438 2720 Collegii
1502 2609 1803 2696 Urbani
1850 2609 2075 2694 Fidei
2141 2611 2710 2720 propagandae
2746 2607 3060 2693 scholas
3093 2607 3405 2692 Ameri-

741 2772 914 2889 cani
997 2771 1293 2856 alumni
1357 2772 1798 2857 studiorum
1865 2800 2099 2857 causa
2166 2771 2591 2875 celebrent,
2628 2771 2895 2881 ibique
2963 2772 3063 2855 ad
3109 2772 3405 2881 gradus

740 2933 1252 3020 Academicos
1317 2936 1848 3066 assequendos
1914 2934 2314 3019 doctrinae
2382 2934 2923 3045 experimenta
2980 2937 3241 3019 edant.
3282 2982 3404 2997 -

739 3094 908 3200 Quo
971 3123 1158 3181 vero
1203 3095 1285 3179 in
1329 3094 1607 3179 studiis
1650 3094 1811 3179 suis
1857 3095 2235 3205 proficere
2272 3096 2584 3181 valeant
2628 3095 2975 3200 uberius,
3030 3096 3396 3183 sacerdos

741 3284 1010 3342 rerum
1073 3255 1704 3369 theologicarum
1788 3263 1869 3341 et
1950 3254 2677 3369 philosophicarum
2778 3257 3110 3343 scientia
3175 3286 3405 3368 prae-

742 3424 957 3503 stans
1023 3421 1231 3528 apud
1316 3418 1527 3529 ipsos
1615 3425 2195 3523 commoretur,
2267 3420 2401 3529 qui
2466 3420 2745 3506 iisdem
2835 3420 2914 3504 in
3013 3419 3400 3532 susceptis

643 3614 648 3617 ·
740 3578 1401 3689 praelectionibus
1466 3579 1975 3691 explanandis
2041 3588 2121 3666 et
2185 3580 2666 3667 illustrandis
2726 3582 3180 3669 adiumento
3226 3583 3397 3670 erit.

930 3742 1074 3827 XI.
1146 3738 1370 3843 Quod
1457 3746 1726 3822 autem
1814 3743 1911 3823 ad
1994 3740 2481 3850 spiritualem
2567 3743 3064 3829 alumnorum
3129 3773 3398 3829 curam

742 3899 1048 4004 attinet,
1114 3900 1478 3985 Rectoris
1543 3930 1829 3985 munus
1895 3901 2044 3987 erit
2133 3905 2623 3988 sacerdotem
2707 3907 2806 3989 ad
2873 3905 3403 3992 confessiones

741 4060 1242 4170 excipiendas
1307 4063 1403 4145 ab
1470 4063 1669 4146 Emo
1715 4062 1954 4147 Urbis
1996 4062 2307 4147 Vicario
2372 4067 2915 4175 approbatum,
2972 4066 3051 4149 in
3087 4065 3404 4176 pictatis

738 4221 1206 4332 magistrum
1272 4229 1352 4307 et
1437 4221 1916 4307 ordinarium
2006 4224 2610 4326 Confessarium,
2681 4227 2816 4336 qui
2881 4227 2962 4311 in
3049 4228 3386 4340 Collegii

737 4381 1065 4466 aedibus
1129 4383 1391 4493 degat,
1458 4385 1555 4467 de
1622 4383 1799 4466 Emi
1847 4384 2168 4468 Patroni
2213 4413 2540 4469 assensu
2585 4386 2980 4498 deligcre3
3030 4388 3252 4499 isque
3289 4389 3400 4474 ita

735 4540 1089 4627 delectus
1155 4541 1653 4627 alumnorum
1688 4542 1969 4628 animis
2029 4548 2127 4628 ad
2163 4545 2542 4630 virtutem
2591 4553 2669 4632 et
2741 4547 3150 4633 scientiam
3207 4529 3446 4636 San-⁶

738 4709 1043 4787 ctorum
1109 4703 1456 4788 studiose
1492 4731 1582 4786 ac
1625 4705 2055 4813 prudenter
2086 4705 2612 4815 provehendis
2645 4735 2964 4818 operam
3000 4695 3269 4799 navet.

925 4867 1110 4949 XII.
1181 4868 1274 4948 In
1338 4865 1836 4951 alumnorum
1892 4866 2305 4977 disciplina
2371 4871 2699 4980 regulae
2746 4901 2888 4957 seu
2941 4872 3164 4984 leges
3213 4874 3394 4960 (301-

734 5024 927 5137 legii
991 5025 1291 5112 Urbani
1355 5026 1582 5111 Fidei
1647 5028 2211 5139 Propagandae
2279 5038 2713 5141 opportune
2750 5039 3256 5145 temperatae,
3298 5063 3390 5120 ac

732 5186 1260 5298 peculiaribus
1339 5186 1786 5272 Americani
1871 5187 2201 5300 Collegi³
2286 5191 2719 5276 rationibus
2802 5198 3383 5300 accomodatae,

741 5353 1106 5432 accurate
1172 5356 1610 5433 serventur.
