4497 6714
1241 775 1345 854 26

1092 962 1233 1044 des
1313 958 1894 1062 inhabitandaS,
1978 958 2348 1068 idemque
2425 958 2826 1070 templum‘
2894 956 3310 1042 colendum
3372 956 3500 1043 fel.
3584 984 3740 1042 rec.

1092 1120 1256 1205 Leo
1321 1120 1483 1202 XII
1548 1122 2122 1205 Praedecessor
2195 1119 2484 1204 Noster
2564 1117 2978 1204 Pontificio
3067 1116 3498 1205 Seminario
3581 1118 3746 1201 Ro-

1092 1308 1324 1364 mano
1389 1288 1859 1391 perpetuum
1904 1279 1985 1363 in
2030 1281 2349 1365 modum
2396 1277 2805 1363 concessit.
2875 1277 2996 1362 De
3060 1284 3276 1362 recta
3341 1275 3745 1385 solidaque

1093 1439 1302 1524 Cleri
1368 1439 1859 1525 institutione
1903 1440 2028 1524 vel
2071 1440 2328 1550 magis
2371 1447 2691 1550 propter
2749 1438 3051 1524 infensa
3093 1437 3497 1524 Ecclesiae
3541 1446 3745 1523 tem-

1092 1630 1282 1712 pora
1367 1601 1751 1687 sollicitus
1831 1602 2221 1686 Decessor
2306 1601 2601 1685 Noster
2665 1629 2772 1683 sa.
2842 1628 2993 1685 me.
3061 1598 3253 1682 Pius
3320 1600 3440 1681 IX
3527 1596 3749 1683 novis

1091 1762 1626 1848 molitionibus
1707 1759 1852 1845 has
1916 1761 2310 1846 Pontificii
2400 1759 2817 1846 Seminarii
2882 1759 3217 1843 Romani
3282 1760 3516 1843 aedes
3582 1786 3747 1840 am-

1091 1922 1485 2032 plificavit,
1531 1921 1984 2030 ibidemque
2038 1920 2251 2004 aliud
2296 1918 2842 2019 Seminarium,
2890 1919 2989 2001 ad
3031 1917 3356 2002 clericos
3400 1915 3749 2002 omnium

1092 2083 1553 2168 Pontificiae
1617 2081 1958 2168 Ditionis
2025 2079 2506 2166 dioecesium
2576 2078 3079 2181 destinatum,
3136 2076 3443 2188 aperuit
3508 2083 3588 2162 et
3651 2078 3748 2160 ab

1095 2242 1264 2327 eius
1328 2242 1643 2328 nomine
1707 2241 1940 2325 Pium
2006 2238 2390 2351 appellari
2455 2238 2724 2342 iussit,
2803 2246 3039 2347 atque
3125 2238 3205 2321 in
3281 2236 3752 2347 Apostolicis

1094 2403 1415 2487 Litteris
1481 2405 1578 2489 de
1642 2403 1824 2488 novi
1889 2401 2222 2486 huiusce
2277 2398 2693 2487 Seminarii
2758 2399 3250 2484 institutione
3315 2428 3393 2482 1v
3456 2397 3751 2483 Kalen-

1093 2565 1231 2648 das
1316 2564 1523 2647 Iunii
1606 2593 1809 2648 anno
1895 2592 2288 2648 MDCooLm
2372 2561 2579 2646 inter
2669 2568 2933 2646 cetera
3017 2558 3391 2662 decernit,
3479 2565 3569 2643 ut
3653 2559 3749 2641 ab

1010 2822 1023 2835 ι
1092 2726 1501 2835 utriusque
1568 2725 1965 2811 seminarii
2031 2724 2368 2808 alumnis
2426 2724 2507 2807 in
2553 2723 2628 2809 S.
2679 2722 3155 2833 Apollinaris
3223 2724 3416 2806 aede
3460 2723 3754 2805 nedum

1091 2885 1722 2971 sollemnioribus
1786 2884 2368 2985 festivitatibus,
2437 2883 2997 2993 nonnullisque
3061 2882 3233 2966 aliis
3277 2910 3417 2991 per
3462 2910 3755 2966 annum

1093 3047 1316 3131 statis
1386 3046 1686 3150 diebus,
1755 3046 1875 3131 uti
1944 3054 2176 3131 antea
2243 3045 2692 3130 Germanici
2750 3044 3117 3155 Collegii,
3186 3073 3276 3128 ac
3321 3044 3503 3130 dein
3546 3047 3755 3130 Pon-

1090 3205 1310 3290 tificii
1376 3205 1787 3291 Seminarii
1853 3205 2190 3289 Romani
2261 3205 2568 3289 alumni
2636 3207 3131 3309 tenebantur,
3199 3227 3471 3289 verum
3518 3204 3755 3289 etiam

1090 3365 1424 3476 singulis
1488 3367 1709 3452 sestis
1773 3366 2060 3451 diebus
2130 3396 2350 3450 sacra
2416 3366 2830 3451 Missarum
2897 3373 2977 3451 et
3041 3394 3545 3476 vesperarum
3596 3366 3751 3450 sol-

1090 3527 1380 3612 lemnia
1444 3535 1948 3638 peragantur,
2021 3534 2269 3636 utque
2336 3556 2380 3609 a
2444 3526 2693 3638 prima
2750 3525 2950 3609 sacri
3005 3525 3412 3610 Adventus
3477 3525 3751 3610 Domi-

1091 3687 1289 3790 nica,
1335 3716 1586 3797 usque
1633 3691 1731 3772 ad
1776 3693 2260 3798 postremam
2305 3686 2597 3772 mensis
2644 3686 2874 3788 Iunii,
2920 3694 3190 3770 sancta
3235 3687 3753 3797 explanentur

1093 3877 1137 3934 e
1233 3856 1625 3960 suggestu
1723 3849 2154 3960 evangelia.
2228 3849 2522 3934 Verum
2602 3877 2844 3958 quum
2882 3913 2900 3949 ,
2997 3848 3078 3931 in
3174 3855 3392 3932 tanta
3440 3836 3749 3933 rerum

1093 4008 1439 4093 omnium
1485 4008 2099 4118 perturbatione,
2147 4017 2590 4118 temporum
2639 4007 3227 4091 difficultatibus
3270 4012 3751 4119 parcendum

1091 4170 1350 4271 suerit,
1417 4177 1655 4279 atque
1722 4169 1802 4253 in
1868 4167 2161 4253 scholis
2230 4167 2466 4252 etiam
2527 4171 2622 4250 ad
2670 4167 2743 4252 S.
2793 4166 3267 4276 Apollinaris
3311 4166 3750 4252 studiorum

1091 4333 1312 4434 ratio,
1384 4361 1534 4417 non
1601 4333 1769 4416 sine
1837 4331 2384 4415 sublimiorum
2451 4330 3039 4440 disciplinarum
3104 4328 3532 4438 dispendio,
3601 4327 3746 4411 im-

1090 4499 1392 4577 mutata
1457 4493 1579 4594 sit,
1646 4492 1935 4576 idcirco
2021 4519 2175 4601 quo
2241 4491 2652 4600 utriusque
2733 4490 3127 4575 seminarii
3195 4489 3487 4572 alumni
3566 4517 3746 4598 pro-

1089 4650 1278 4760 priis
1343 4650 1621 4734 studiis
1687 4650 1955 4734 satiori
2022 4653 2254 4734 modo
2321 4678 2598 4735 vacare
2666 4649 2990 4760 possint,
3059 4647 3304 4732 Nobis
3370 4678 3414 4731 a
3459 4647 3744 4732 dilecto

1091 4808 1296 4893 Filio
1362 4811 1647 4894 Nostro
1714 4808 2122 4919 Raphaele
2191 4809 2266 4896 S.
2303 4811 2394 4892 E.
2433 4810 2529 4892 R.
2602 4812 3070 4916 Presbytero
3138 4808 3529 4894 Cardinali
3575 4810 3745 4893 Mo-

1091 4995 1287 5051 naco
1356 4970 1467 5050 La
1531 4968 1895 5069 Valletta,
1933 4969 2220 5052 Nostro
2287 4967 2368 5050 in
2434 4967 2665 5051 Alma
2731 4970 2948 5054 Urbe
3016 4968 3323 5053 Vicario
3389 4968 3467 5051 in
3517 4968 3745 5079 spiri-

1092 5128 1439 5212 tualibus
1505 5115 1883 5238 generali,
1954 5127 2479 5238 supplicatum
2553 5135 2695 5229 est,
2746 5136 2834 5212 ut
2898 5128 3388 5238 aliquantum
3450 5129 3739 5238 legem,

1095 5289 1306 5396 quod
1368 5288 1467 5370 ad
1529 5286 1932 5371 Ecclesiae
2000 5287 2076 5373 S.
2147 5287 2620 5398 Apollinaris
2687 5288 2987 5372 cultum
3055 5289 3389 5398 singulis
3465 5287 3741 5372 diebus
