4497 6714
1233 767 1327 842 10

1638 1057 2303 1187 EPISTOLA
2392 1060 2574 1189 EN
2579 1059 3167 1189 CYCLICA

1926 1410 2077 1478 QUA
2146 1411 2472 1467 GALLIAE
2538 1411 2874 1470 POPULOS

1251 1566 1841 1624 CONVENIENTER
1905 1570 2383 1629 TEMPORIBUS
2449 1573 2549 1628 AD
2609 1572 2974 1631 OFFICIUM
3033 1571 3558 1646 COHORTATUR‚

1168 1727 1549 1785 FUNESTOS
1616 1731 2010 1787 RELIGIONI
2074 1732 2170 1788 ET
2235 1733 2741 1790 REIPUBLICAE
2808 1733 3038 1792 CASUS
3115 1731 3634 1790 COMMEMORAT

1584 1891 1678 1944 ΕΤ
1744 1890 2215 1949 CATHOLICAE
2282 1893 2718 1949 RELIGIONIS
2782 1893 3220 1951 PRAECEPTA

1073 2050 1156 2105 IN
1212 2049 1792 2109 CONSTITUENDA
1851 2053 2528 2123 GUBERNANDAQUE
2581 2056 2740 2113 TUM
2794 2054 3220 2112 DOMESTICA
3274 2056 3432 2113 TUM
3498 2053 3731 2111 CIVILI

1660 2164 1667 2169 -
1961 2214 2371 2271 SOCIETATE
2438 2213 2851 2270 RECENSET.

1964 2661 2225 2756 LEO
2293 2662 2492 2757 ΡΡ.
2564 2662 2847 2757 XIII.

1928 3018 2455 3074 VENERABILES
2521 3017 2857 3074 FRATRES

1506 3178 1855 3236 SALUTEM
1921 3179 2015 3234 ET
2082 3176 2599 3236 APOSTOLICAM
2665 3179 3316 3235 BENEDICTIONEM.

1076 3463 1185 3610 N
1191 3527 1622 3615 obilissima
1688 3527 2100 3612 Gallorum
2143 3556 2368 3638 gens,
2414 3527 2683 3612 multis
2748 3527 2828 3611 in
2892 3529 3131 3612 rebus
3187 3556 3380 3638 pace
3425 3528 3735 3615 bellove

1073 3690 1475 3802 praeclare
1542 3688 1813 3800 gestiS‚
1881 3686 2365 3798 singularem
2433 3690 2852 3797 quamdam
2917 3687 3065 3772 sibi
3132 3689 3609 3799 comparavit
3651 3689 3733 3773 in

1074 3851 1515 3938 Ecclesiam
1582 3848 2051 3934 catholicam
2116 3849 2431 3934 laudem
2497 3849 2983 3952 meritorum,
3045 3879 3381 3959 quorum
3424 3879 3572 3936 nec
3615 3851 3735 3935 in-

1074 4014 1406 4100 teritura
1471 4020 1591 4098 est
1655 4011 1934 4123 gratia,
1991 4040 2137 4096 nec
2180 4011 2435 4122 gloria
2483 4019 3015 4096 consenescet.
3084 4011 3478 4096 Institutis
3526 4009 3733 4096 chri-

1075 4174 1372 4277 stianis,
1439 4179 1868 4283 praeeunte
1934 4201 2127 4282 rege
2196 4172 2665 4274 Olodovae0‚
2734 4178 3038 4257 mature
3106 4173 3518 4283 susceptiS‚
3583 4171 3736 4258 hoc

1076 4364 1261 4421 sane
1325 4332 1988 4444 perhonorificum
2064 4332 2242 4417 fidei
2333 4331 2809 4443 pietatisque
2897 4332 3437 4419 testimonium
3500 4333 3735 4419 simul

1076 4500 1157 4580 et
1220 4494 1658 4604 praemium
1721 4493 1928 4595 tulit,
1995 4500 2085 4577 ut
2141 4503 2636 4608 primoyem'ta
2703 4499 3073 4582 Ecclesiae
3115 4501 3297 4609 filia
3378 4496 3735 4581 nomina-

1074 4662 1317 4741 retur.
1385 4657 1506 4738 Ex
1572 4682 1665 4741 eo
1732 4661 2111 4764 tempore,
2158 4655 2666 4741 Venerabiles
2711 4658 3057 4759 FratreS‚
3124 4685 3357 4766 saepe
3402 4657 3737 4742 maiores

1074 4815 1316 4903 vestri
1379 4817 1478 4899 ad
1539 4844 1869 4926 magnas
1930 4844 2058 4901 res
2103 4822 2184 4900 et
2228 4815 2612 4902 salutares
2681 4816 2828 4902 visi
2893 4823 3075 4901 sunt
3138 4816 3446 4903 divinae
3491 4817 3735 4928 ipsius

1074 4974 1611 5088 providentiae
1677 4974 2113 5060 adiutores:
2180 4975 2646 5061 nominatim
2721 5006 2906 5063 vero
2995 4978 3344 5088 ipsorum
3409 4987 3530 5064 est
3595 5006 3735 5064 no-

1074 5136 1382 5223 bilitata
1444 5136 1691 5220 virtus
1777 5136 1860 5220 in
1943 5136 2407 5221 vindicando
2490 5137 2785 5248 ubique
2873 5146 3261 5224 terrarum
3349 5138 3736 5225 catholico

1076 5296 1417 5401 nomine,
1484 5297 1566 5381 in
1631 5295 2056 5382 christiana
2100 5298 2250 5382 fide
2297 5301 2398 5382 ad
2439 5300 2813 5384 barbaras
2856 5308 3139 5411 gentes
3202 5304 3732 5412 propaganda,
