4497 6714
1217 751 1366 830 168

1053 950 1434 1037 relatione
1500 955 1823 1038 subesse
1868 952 2366 1059 videbantur3
2436 952 2898 1039 examinatis
2944 947 3518 1059 archeologiae,
3585 944 3712 1029 hi-

1055 1112 1344 1199 storiae
1411 1121 1491 1199 et
1557 1112 2057 1200 anathomiae
2122 1114 2396 1225 peritis
2463 1114 2762 1199 Matriti
2807 1121 2888 1200 et
2932 1111 3530 1222 Compostellae‚
3581 1108 3716 1220 qui

1054 1276 1151 1359 de
1216 1303 1301 1359 re
1366 1274 1839 1361 sententiam
1902 1277 2237 1381 ferrent3
2307 1275 2682 1387 inspectis
2756 1272 3208 1361 vetustioris
3282 1272 3519 1358 loculi
3582 1301 3715 1355 ru-

1050 1436 1367 1523 deribus
1432 1445 1512 1523 et
1576 1468 1755 1523 cum
1820 1436 1969 1543 his,
2039 1437 2324 1547 quibus
2391 1467 2573 1522 arca
2623 1437 2996 1548 reliquias
3043 1436 3453 1522 continens
3520 1463 3707 1520 con-

1054 1596 1429 1702 stituitur,
1498 1599 1992 1711 co1nparatiS‚
2061 1628 2207 1684 nec
2306 1627 2460 1683 non
2547 1597 2900 1710 inspecto
2999 1598 3171 1682 loco
3238 1599 3383 1680 sub
3449 1595 3716 1680 abside

1054 1757 1192 1842 ubi
1256 1756 1407 1844 hae
1474 1759 1836 1844 inventae
1902 1766 2125 1865 sunt3
2193 1762 2515 1845 demum
2581 1788 2825 1868 quum
2889 1789 3163 1843 rursus
3215 1762 3718 1869 percontatus

1057 1922 1267 2001 esset
1330 1916 1624 2026 peritos
1687 1916 2052 2029 physicos
2110 1921 2207 2003 de
2255 1918 2588 2029 singulis
2654 1947 3054 2005 sacrorum
3120 1917 3413 2003 ossium
3475 1915 3718 2027 parti-

1055 2078 1229 2180 buS‚
1298 2079 1631 2163 Romam
1695 2108 2058 2165 reversus
2124 2086 2492 2165 accurata
2568 2078 2948 2165 relatione
3028 2081 3495 2183 demandato
3569 2076 3719 2161 sibi

1058 2270 1384 2327 munere
1450 2244 1909 2354 perfunctus
1976 2251 2118 2330 est.
2170 2294 2292 2308 —
2340 2243 2597 2348 Quare
2645 2242 2923 2328 iisdem
2970 2241 3320 2328 collectis
3385 2238 3720 2325 comitiis

1060 2405 1159 2486 ad
1200 2402 1667 2488 Vaticanum
1709 2405 1836 2489 die
1881 2435 2013 2489 xlx
2048 2405 2231 2489 Iulii
2279 2403 2519 2489 huius
2565 2404 2771 2509 anni,
2808 2402 3384 2488 dubitationum
3419 2400 3721 2486 discus-

1065 2592 1153 2647 sa
1220 2563 1562 2675 caligine
1631 2573 1711 2650 et
1754 2565 2109 2651 veritatis
2174 2566 2479 2650 lumine
2547 2565 2832 2650 clarius
2898 2571 3193 2665 exorte,
3238 2561 3724 2674 propositum

1069 2730 1190 2809 cst
1227 2725 1586 2810 dubium:
1663 2762 1707 2803 «
1759 2726 1882 2810 An
1928 2726 2322 2812 sententia
2397 2725 2558 2810 lata
2591 2756 2636 2809 a
2672 2724 3063 2810 Cardinali
3111 2723 3722 2834 Archiepiscopo

1070 2924 1113 2966 «
1167 2888 1797 2998 Compostellano
1863 2890 1960 2973 de
2005 2887 2422 2973 identitate
2470 2887 3009 2997 reliquiarum,
3077 2916 3278 2996 quae
3331 2886 3412 2970 in
3457 2891 3725 2971 centro

1072 3086 1115 3128 «
1166 3049 1457 3134 absidis
1522 3049 1791 3135 sacelli
1854 3049 2174 3134 maximi
2222 3048 2871 3159 Metropolitanac
2919 3048 3270 3133 eiusdem
3334 3046 3725 3131 Basilicae

1069 3246 1113 3288 «
1164 3217 1523 3320 repertae
1590 3216 1774 3294 sunt
1839 3215 1920 3294 et
1983 3215 2259 3295 sancto
2330 3209 2616 3293 Iacobo
2684 3208 2960 3293 Maiori
3025 3206 3439 3317 Apostolo‚
3518 3206 3726 3292 eius-

1071 3409 1115 3451 «
1170 3401 1323 3483 que
1388 3370 1791 3483 discipulis
1862 3369 2296 3457 Athanasio
2398 3379 2478 3456 et
2573 3370 2986 3456 Theodoro
3067 3371 3559 3472 tribuuntur,
3626 3370 3728 3455 sit

1070 3568 1114 3610 «
1167 3532 1692 3617 confirmanda
1756 3531 1835 3615 in
1903 3560 2112 3635 casu,
2181 3537 2262 3617 et
2335 3533 2435 3614 ad
2500 3531 2876 3616 effectum
2941 3534 3038 3616 de
3106 3559 3260 3641 quo
3304 3531 3623 3642 agitur?
3674 3567 3717 3608 »

1062 3691 1177 3778 Ac
1223 3691 1490 3777 dilecti
1555 3691 1739 3776 Filii
1805 3691 2073 3777 Nostri
2139 3691 2597 3776 Cardinales
2686 3690 3035 3801 itemque
3103 3692 3524 3778 Praesules
3593 3692 3727 3777 of-

1063 3851 1301 3938 ciales
1399 3852 1981 3939 considerantes
2084 3851 2349 3938 omnia
2378 3917 2396 3954 ‚
2478 3881 2682 3961 quae
2796 3851 3192 3962 proposita
3276 3859 3498 3938 erant
3533 3918 3552 3956 ‚
3620 3852 3729 3938 ita

1061 4041 1248 4098 vera
1313 4019 1394 4098 et
1458 4015 1786 4123 probata
1852 4041 2067 4117 esse,
2149 4018 2239 4096 ut
2337 4012 2699 4097 refellere
2765 4011 3043 4122 nequis
3124 4020 3423 4122 posset,
3513 4014 3726 4099 ideo-

1062 4201 1216 4282 que
1282 4172 1817 4285 cognitionem
1879 4170 1993 4257 rei
2062 4178 2363 4257 certam
2443 4173 2745 4275 adesse,
2825 4199 3025 4281 quae
3105 4176 3538 4257 secundum
3602 4203 3726 4259 sa-

1063 4361 1236 4418 cros
1288 4362 1625 4419 canones
1710 4340 1791 4420 et
1857 4334 2359 4421 Summorum
2424 4332 2907 4419 Pontificum
2972 4306 3498 4419 Decessorum
3563 4335 3724 4420 No-

1060 4500 1401 4579 strorum
1458 4493 2077 4581 Constitutiones
2144 4494 2223 4578 in
2288 4492 2507 4580 hisce
2575 4492 2923 4605 negotiis
2998 4493 3517 4581 desideranda
3581 4503 3724 4600 est,

1065 4655 1175 4743 ita
1249 4659 1756 4771 rescripsere:
1830 4694 1874 4736 «
1938 4661 2010 4747 A
2000 4660 2425 4774 ffir-matz've
2454 4728 2477 4764 ,
2543 4693 2672 4747 seu
2747 4667 3177 4747 sententiam
3242 4693 3394 4748 esse
3457 4665 3727 4775 confir-

1067 4825 1419 4910 mandam
1490 4855 1566 4906 ».

1255 4980 1471 5086 Quae
1538 5011 1718 5066 cum
1785 4981 2030 5066 Nobis
2126 5013 2172 5066 a
2268 4982 2556 5068 dilecto
2655 4983 2863 5068 Filio
2960 4984 3246 5070 Nostro
3312 4983 3726 5071 Dominico

1063 5141 1454 5226 Cardinali
1519 5142 1930 5247 Bartolini,
2000 5142 2352 5228 eiusdem
2419 5172 2829 5228 sacrorum
2893 5143 3223 5228 Rituum
3269 5145 3728 5257 Congrega-

1063 5300 1299 5386 tionis
1343 5303 1752 5388 Praefecto
1816 5302 2063 5388 relata
2128 5302 2482 5406 fuissent,
2529 5273 2683 5386 non
2755 5303 3138 5388 mediocri
3207 5305 3366 5388 Nos
3430 5304 3728 5389 laetitia
