4497 6714
1364 696 1507 775 110

2184 973 2845 1104 EPISTOLA

2225 1328 2549 1384 DILECTO
2615 1329 2817 1385 FILIO

1323 1475 1806 1538 PRESBYTERO
1870 1484 2254 1541 PROSPERO
2319 1488 2667 1545 DELPECH
2730 1488 3222 1544 MODERATORI
3287 1489 3717 1546 SOCIETATIS

2039 1647 2456 1705 MISSIONUM
2520 1650 3005 1706 EXTERARUM.

3081 1809 3416 1866 PARISIOS

2100 2238 2354 2334 LEO
2422 2240 2624 2335 ΡΡ.
2702 2240 2980 2335 XIII.

2268 2595 2590 2651 DILECTE
2658 2596 2810 2650 FILI

1619 2754 1965 2810 SALUTEM
2029 2757 2124 2809 ΒΤ
2190 2756 2709 2814 APOSTOTICAM
2774 2758 3424 2814 BENEDICTIONEM.

1216 3074 1534 3236 Tristia
1600 3139 2019 3222 admodum
2083 3139 2330 3224 Nobis
2396 3141 2852 3226 acciderunt
2944 3168 3146 3251 quae
3211 3140 3291 3224 in
3356 3140 3513 3223 tuis
3579 3138 3864 3224 litteris

1218 3297 1345 3384 die
1421 3293 1523 3382 17
1598 3278 1977 3410 superiori
2045 3328 2315 3386 mense
2380 3301 2583 3386 datis
2648 3304 2744 3386 de
2809 3301 3029 3413 gravi
3097 3300 3231 3386 illa
3296 3300 3640 3411 procella
3684 3329 3862 3412 per-

1216 3461 1580 3572 legimus,
1649 3491 1850 3570 quae
1917 3463 1996 3547 in
2064 3465 2581 3549 Laocensium
2645 3464 2970 3575 regione
3035 3465 3268 3548 unius
3333 3492 3533 3548 anno
3612 3463 3863 3573 spatio

1219 3621 1685 3708 christianos
1750 3624 2046 3726 afflixit,
2115 3653 2450 3734 quorum
2515 3625 2830 3735 plurimi
2895 3627 2991 3708 ab
3060 3624 3396 3708 inimicis
3461 3621 3865 3708 christiani

1218 3784 1552 3868 nominis
1620 3793 1971 3872 extremo
2038 3787 2422 3898 supplicio
2488 3787 2752 3872 affecti
2841 3792 3079 3888 sunt,
3147 3783 3472 3869 adiectis
3548 3783 3867 3894 insuper

1220 3952 1396 4031 octo
1461 3949 1997 4034 sacerdotibus
2064 3978 2107 4035 e
2170 3956 2433 4035 vestro
2501 3948 2933 4035 Seminario
3001 3975 3222 4032 sacro
3287 3946 3446 4030 illic
3511 3946 3867 4030 ministe-

1218 4109 1335 4194 rio
1400 4111 1916 4222 fungentibus
1983 4110 2119 4221 qui
2184 4118 2780 4222 persecutorum
2846 4108 3024 4194 odio
3092 4106 3409 4191 mactati
3476 4108 3867 4190 occubue-

1219 4277 1427 4357 runt.
1500 4271 1915 4357 Doluimus
1981 4272 2355 4381 quidem,
2422 4270 2708 4355 dilecte
2800 4267 2964 4370 fili,
3032 4294 3404 4376 magnam
3486 4264 3866 4349 iacturam

1221 4433 1660 4544 cogitantes
1727 4462 1960 4543 quam
2028 4432 2424 4542 expeditio
2488 4439 2770 4533 vestra,
2842 4458 3043 4538 quae
3108 4428 3204 4513 iis
3279 4427 3653 4539 gentibus
3716 4426 3866 4510 fide

1222 4595 1705 4681 illustrandis
1772 4623 2090 4706 operam
2155 4601 2411 4695 navat,
2446 4622 2676 4704 passa
2740 4597 2895 4693 est,
2966 4589 3306 4675 strenuis
3372 4587 3527 4673 illis
3594 4615 3867 4699 opera-

1219 4757 1359 4842 riis
1423 4756 1753 4859 amissis,
1821 4754 1956 4865 qui
2019 4782 2270 4866 regno
2339 4751 2633 4838 Christi
2698 4751 3203 4862 propagando
3287 4748 3867 4849 adlaborabant‚

1223 4920 1409 5006 licet
1473 4927 1738 5004 tamen
1801 4945 1959 5002 non
2037 4945 2171 5003 eos
2253 4915 2476 5000 luctu
2552 4915 2692 5000 sed
2774 4911 3195 5025 praeconio
3284 4910 3872 5019 prosequendos

1225 5084 1785 5184 existimemuS‚
1855 5080 1989 5190 qui
2051 5082 2347 5164 bonum
2404 5084 2802 5163 certamen
2866 5103 3007 5187 pro
3075 5072 3388 5159 Christo
3455 5077 3868 5174 certantes,

1225 5273 1539 5328 cursum
1605 5241 1944 5353 gloriose
2011 5242 2593 5324 consumarunt.
2662 5234 3031 5319 Firmiter
3117 5233 3329 5319 enim
3410 5231 3920 5348 confidimus
