4497 6714
3257 797 3359 876 87

1326 1138 2005 1268 LITTERAE
2093 1137 3039 1268 APOSTOLICAE

1548 1510 1825 1577 QUIBUS
1889 1510 2387 1567 PAROCHIALIS
2464 1510 2824 1567 ECCLESIA

1162 1669 1338 1725 LOCI
1410 1676 1453 1718 «
1496 1671 2037 1727 CASTELNUOVO
2102 1672 2615 1726 BERARDENGA
2657 1678 2702 1719 »
2773 1670 3216 1727 NUNCUPATI

1723 1833 1806 1887 IN
1871 1832 2222 1890 DIOECESI
2289 1832 2620 1887 ARETINA

958 1991 1765 2049 ARCHIPRESBYTERALI
1827 1995 1923 2048 ET
1987 1993 2634 2049 PRAEPOSITURALI
2698 1991 2972 2048 TITULO
3015 1992 3399 2048 AUGETUR.

1733 2473 1995 2569 LEO
2044 2475 2265 2617 ΔΡΡ.
2333 2474 2614 2569 XIII.

1518 2845 1618 2900 AD
1685 2845 2146 2902 PERPETUAM
2209 2846 2340 2901 REI
2405 2845 2840 2901 MEMORIAM.

852 3162 1356 3335 Expositum
1422 3233 1541 3311 est
1608 3225 1875 3325 Nobis,
1943 3225 2023 3309 in
2087 3227 2285 3330 loco,
2354 3226 2479 3311 cui
2553 3261 2597 3303 «
2649 3226 3172 3313 Castelnuovc
3217 3227 3505 3311 Berar-

855 3386 1117 3496 (leuga
1166 3422 1209 3463 »
1292 3386 1536 3496 vulgo
1617 3414 1904 3471 nomen
1985 3388 2312 3492 factum,
2394 3387 2600 3472 intra
2680 3388 3062 3474 dioecesis
3137 3389 3508 3476 Aretinae

853 3548 1072 3650 fineS,
1109 3545 1657 3632 Parochialem
1721 3547 2161 3632 Ecclesiam
2207 3555 2498 3649 extare,
2549 3549 2990 3635 Saraciniae
3027 3550 3291 3660 gentis
3334 3579 3509 3634 mu-

850 3710 1246 3796 nificentia
1331 3718 1710 3810 erectam,
1779 3717 2172 3824 structura
2234 3710 2573 3797 maxime
2639 3710 3164 3821 conspicuam,
3229 3719 3310 3797 et
3383 3741 3509 3796 sa-

852 3900 983 3956 cra
1047 3871 1536 3980 supellectile
1604 3871 2218 3956 cumulatissime
2286 3872 2634 3957 ditatam.
2694 3874 3053 3959 Iamvero
3109 3902 3287 3957 cum
3331 3874 3510 3956 Mu-

852 4032 1118 4144 nicipii
1201 4039 1281 4118 et
1356 4032 1644 4117 civium
1708 4034 2252 4119 universorum
2318 4035 2716 4146 suffragiis
2782 4035 3150 4121 suffultae
3236 4065 3512 4147 preces

752 4265 757 4268 Α
853 4192 1010 4276 sint
1075 4190 1320 4276 Nobis
1378 4190 1801 4294 adhibitae,
1868 4199 1959 4276 ut
2025 4195 2379 4280 eamdem
2448 4192 2995 4279 Parochialem
3071 4193 3511 4280 Ecclesiam

854 4351 1612 4462 Archipresbyterali
1679 4360 1759 4439 et
1822 4354 2435 4465 Praepositurali
2493 4354 2725 4442 titulo
2791 4384 3109 4467 augere,
3156 4357 3252 4440 de
3298 4357 3511 4467 Apo-

854 4514 1128 4599 stolica
1188 4513 1681 4625 benignitate
1748 4515 2057 4617 Nostra,
2124 4515 2482 4620 velimUS,
2550 4518 2714 4601 Nos
2768 4516 2969 4601 votis
3032 4513 3520 4618 huiusmodi,‘

856 4681 1237 4782 quantum
1303 4673 1384 4757 in
1449 4673 1789 4760 Domino
1854 4703 2297 4786 possumuS,
2344 4680 2848 4762 annuendum
2907 4677 3183 4763 libenti
3249 4677 3509 4763 animo

856 4832 1326 4917 censuimus,
1398 4832 1615 4938 Quae
1684 4863 1863 4919 cum
1928 4833 2038 4920 ita
2103 4836 2284 4930 sint,
2351 4838 2449 4923 de
2513 4837 2967 4948 Apostolica
3016 4835 3509 4927 Auctorita'te

851 4993 1158 5098 Nostra,
1225 4993 1301 5079 vi
1365 4994 1925 5105 praesentium,
1992 4996 2542 5084 Parochialem
2606 4997 3046 5083 Ecclesiam
3104 5030 3508 5111 suprame-

852 5159 1234 5237 moratam
1297 5151 1451 5238 loci
1536 5189 1580 5229 «
1624 5153 2151 5241 Caste-lnuovo
2225 5157 2741 5269 Berardenga
2782 5194 2825 5234 »
2909 5159 3335 5269 appellati,
3424 5161 3506 5246 in

854 5312 1219 5399 Dioecesi
1285 5312 1632 5416 Aretina,
1701 5314 2558 5427 Archipresbyteralem
2646 5326 2727 5404 et
2790 5320 3503 5430 Praeposituralem
