4497 6714
3152 784 3254 862 63

751 962 1148 1071 publicam
1213 964 1446 1074 pleno
1513 994 1646 1051 ore
1711 976 2251 1077 personanteS,
2321 976 2400 1053 et
2464 997 2605 1078 per
2670 967 3109 1053 Ecclesiam
3176 967 3406 1050 Prin-

752 1122 1121 1234 cipesque
1188 1154 1533 1210 summos
1600 1128 1938 1232 stetisse,
2008 1131 2427 1239 quominus
2512 1159 2608 1214 ex
2696 1130 2964 1240 iniqua
3029 1128 3407 1215 servitute

754 1294 833 1373 et
929 1296 1286 1399 egestate
1383 1290 1807 1375 multitudo
1905 1291 2366 1402 eriperetur,
2468 1292 2757 1402 populo
2841 1290 3407 1401 imposuerunt,

754 1478 1094 1560 eumque
1138 1479 1405 1536 rerum
1463 1479 1842 1536 novarum
1888 1452 2395 1537 sollicitatum
2440 1452 2568 1536 siti
2614 1452 2694 1535 in
2741 1450 3412 1562 oppugnationem

752 1611 1162 1722 utriusque
1229 1612 1642 1722 potestatis
1706 1612 2256 1697 incitaverunt.
2303 1612 2835 1697 Nihilominus
2899 1620 3167 1696 tamen
3230 1641 3409 1722 spe-

752 1777 1099 1857 ratarum
1147 1774 1792 1858 commoditatum
1836 1772 2083 1858 maior
2127 1781 2247 1859 est
2293 1774 2758 1885 expectatio,
2805 1803 3042 1883 quam
3084 1773 3409 1858 veritas:

754 1933 992 2021 immo
1057 1966 1243 2023 vero
1308 1938 1533 2048 peius
1581 1966 1956 2048 oppressa
1999 1939 2273 2050 plebes
2317 1967 2689 2049 magnam
2732 1944 3036 2047 partem
3081 1936 3176 2020 iis
3219 1935 3410 2047 ipsis

762 2122 1028 2180 carere
1097 2097 1410 2209 cogitur
1475 2097 1967 2183 miseriarum
2032 2097 2386 2200 solatiis,
2477 2126 2677 2207 quae
2715 2163 2734 2199 ,
2804 2095 3252 2207 compositis
3315 2098 3414 2179 ad

757 2254 1183 2341 christiana
1246 2258 1607 2344 instituta
1670 2261 1932 2361 rebus,
2021 2258 2250 2343 facile
2319 2266 2400 2344 et
2464 2261 2775 2344 abunde
2860 2257 3206 2369 reperire
3269 2284 3410 2369 po-

756 2421 1060 2506 tuisset.
1102 2422 1255 2508 Sed
1322 2429 1710 2534 quotquot
1776 2430 2046 2508 contra
2110 2422 2468 2508 ordinem
2530 2422 2892 2506 nituntur
2931 2420 3193 2505 divina
3232 2447 3413 2531 pro-

755 2584 1104 2670 videntia
1189 2587 1731 2691 constitutum,
1799 2586 1943 2671 has
2027 2591 2213 2672 dare
2297 2587 2554 2672 solent
2617 2585 3030 2696 superbiae
3093 2612 3410 2694 poenaS,

758 2751 849 2829 ut
910 2746 1021 2830 ibi
1085 2747 1457 2832 afflictam
1503 2754 1584 2833 et
1629 2748 1996 2834 miseram
2062 2748 2465 2833 offendant
2526 2750 2944 2849 fortunam,
2979 2749 3188 2832 unde
3231 2772 3412 2855 pro-

761 2934 1067 3015 speram
1136 2915 1216 2993 et
1280 2911 1379 2992 ad
1442 2916 1623 2993 vota
1686 2909 2062 2994 fluentem
2126 2916 2425 2997 temere
2492 2908 3139 3020 expectavissent.

946 3068 1305 3153 Ecclesia
1366 3097 1577 3175 vero,
1616 3072 1825 3179 quod
1889 3068 2251 3156 homines
2296 3071 2614 3156 obedire
2658 3069 3078 3180 praecipue
3124 3075 3203 3155 et
3246 3096 3413 3151 ma·
3474 3096 3480 3104 ·

758 3225 967 3313 xime
1033 3227 1255 3314 iubet
1322 3258 1628 3315 summo
1695 3230 2043 3315 omnium
2111 3231 2446 3343 principi
2481 3232 2677 3334 De0,
2745 3231 3030 3315 iniuria
3095 3238 3176 3316 et
3218 3230 3413 3315 falso

759 3395 1173 3498 putaretur
1236 3398 1373 3476 aut
1439 3392 1646 3477 civili
1713 3393 2060 3478 invidere
2125 3394 2522 3505 potestati,
2590 3401 2726 3478 aut
2791 3393 2937 3478 sibi
2993 3393 3418 3502 quicquam

761 3557 858 3640 de
924 3554 1095 3642 iure
1160 3556 1606 3667 principum
1671 3585 2068 3668 arrogare.
2146 3559 2400 3643 Immo
2485 3559 2696 3668 quod
2774 3557 2981 3642 civili
3045 3557 3417 3668 potestati

762 3745 1103 3826 aequum
1169 3725 1289 3804 est
1353 3720 1706 3820 reddere,
1773 3718 1853 3803 id
1917 3719 2148 3830 plane
2227 3719 2514 3805 iudicio
2600 3718 3235 3827 conscientiaque
3301 3719 3418 3802 of-

762 3874 917 3958 ficii
980 3875 1335 3961 decernit
1401 3904 1574 3962 esse
1643 3878 2156 3961 reddendum.
2197 3874 2423 3981 Quod
2484 3905 2670 3962 vero
2725 3877 2822 3960 ab
2868 3875 3037 3986 ipso
3081 3876 3252 3961 Deo
3296 3874 3419 3959 ius

762 4035 1087 4121 arcessit
1149 4036 1640 4149 imperandi,
1742 4066 2032 4148 magna
2120 4045 2241 4122 est
2330 4040 2429 4122 ad
2495 4036 2803 4123 civilem
2869 4035 3420 4122 auctoritatem

764 4197 1173 4309 dignitatis
1239 4198 1583 4284 accessio
1620 4264 1639 4302 ,
1720 4204 1801 4284 et
1865 4198 2407 4284 observantiae
2487 4196 3245 4305 benevolentiaeque
3310 4194 3422 4280 ci-

763 4359 979 4444 vium
1045 4359 1532 4472 colligendae
1599 4360 2139 4446 adiumentum
2197 4389 2354 4446 non
2400 4361 2801 4473 exiguum.
2839 4362 3138 4446 Eadem
3172 4359 3422 4444 amica

763 4521 1002 4632 paciS,
1070 4521 1303 4606 altrix
1369 4521 1854 4624 concordiae,
1921 4527 2279 4608 materna
2344 4501 2640 4607 omnes·
2682 4521 3008 4608 caritate
3076 4520 3423 4630 comple-

765 4683 1038 4788 ctitur3
1077 4690 1157 4768 et
1192 4683 1553 4769 iuvandis
1595 4683 2060 4769 mortalibus
2105 4683 2338 4769 unice
2384 4682 2711 4785 intenta,
2747 4681 3128 4767 iustitiam
3193 4708 3423 4791 opor-

766 4849 934 4929 tere
999 4847 1230 4930 docet
1295 4873 1477 4929 cum
1542 4844 1985 4950 clementia,
2032 4844 2451 4955 imperium
2497 4875 2677 4930 cum
2743 4844 3166 4954 aequitate,
3200 4843 3425 4954 leges

764 5031 944 5086 cum
1008 5003 1547 5090 moderatione
1615 5004 2141 5115 coniungere:
2209 5004 2507 5089 nullius
2573 5004 2694 5089 ius
2756 5005 3231 5106 violandum,
3299 5031 3426 5089 or-

763 5164 925 5250 dini
991 5167 1701 5277 tranquillitatique
1767 5166 2131 5278 publicae
2199 5168 2724 5270 serviendum,
2782 5166 3128 5279 inopiam
3189 5167 3426 5254 mise-

761 5352 1031 5411 rorum
1066 5389 1085 5427 ,
1167 5354 1406 5436 quam
1468 5327 1808 5412 maxime
1873 5325 2043 5412 fieri
2110 5332 2428 5437 potest,
2515 5324 2881 5436 privatim
2967 5333 3047 5410 et
3109 5324 3424 5436 publice
