4497 6714
1231 769 1335 848 34

2013 1112 2785 1246 ALLOOUTIO

1555 1506 1833 1561 HABITA
1866 1506 1996 1561 DIE
2040 1508 2222 1562 XXIV
2257 1507 2522 1561 MARTII
2555 1505 2681 1561 AN.
2726 1505 3263 1563 MDCCCLXXXIV

1365 1665 1465 1721 AD
1532 1667 1592 1721 S.
1661 1667 1731 1720 R.
1799 1666 1871 1720 E.
1941 1665 2412 1723 CARDINALES
2478 1665 2560 1719 IN
2624 1664 2952 1721 AEDIBUS
3029 1662 3453 1719 VATICANIS.

1763 2437 2516 2525 VENERABILES
2579 2436 3066 2523 FRATRES

1085 2812 1308 2966 Post
1372 2881 1751 2967 excitatos
1818 2880 2298 2965 seditionum
2363 2882 2671 2984 fiuctUS,
2740 2908 3074 2990 quorum
3151 2880 3533 2963 immanes
3596 2877 3743 2961 im-

1084 3047 1315 3150 petus
1378 3040 1461 3123 in
1527 3029 1920 3126 excidium
1999 3038 2247 3125 civilis
2325 3069 2825 3126 romanorum
2899 3039 3373 3125 Pontificum
3451 3039 3740 3149 princi-

1085 3209 1318 3312 patus
1384 3203 2214 3314 expugnationemque
2262 3204 2500 3291 Urbis
2545 3231 2886 3306 evasere,
2936 3202 3139 3286 sicut
3182 3200 3375 3285 Pius
3422 3203 3539 3283 IX
3582 3203 3633 3284 f.
3679 3232 3740 3285 r.

1087 3367 1453 3449 decessor
1516 3365 1826 3468 Noster,
1896 3364 2005 3448 ita
2073 3372 2152 3449 et
2217 3367 2380 3450 Nos
2446 3364 2944 3475 Apostolicae
3013 3362 3235 3450 Sedis
3300 3363 3476 3447 iura
3540 3364 3745 3448 tueri

1090 3522 1467 3632 omnique
1534 3523 2038 3608 contentione
2105 3523 2501 3609 vindicare
2568 3523 3036 3624 studuimus,
3103 3529 3336 3632 prout
3400 3522 3748 3607 muneris

1090 3682 1480 3792 officiique
1517 3683 1781 3768 Nostri
1818 3683 2016 3768 ratio
2054 3684 2524 3794 postulabat.
2565 3683 2972 3794 Similique
3011 3683 3248 3767 animi
3283 3683 3743 3787 constantia,

1090 3842 1400 3952 quoties
1465 3842 1656 3952 quid
1722 3842 1970 3952 iniqui
2035 3842 2371 3928 vidimus
2438 3843 2517 3927 in
2583 3873 2847 3928 rerum
2911 3872 3290 3929 novarum
3337 3843 3744 3927 continua-

1089 4001 1302 4086 tione
1371 4007 1869 4102 attentatum,
1937 4001 2289 4087 veritatis
2334 4001 2835 4111 iustitiaeque
2901 4003 3424 4114 patrocinium
3479 4032 3746 4089 susce-

1090 4161 1384 4272 pimus:
1476 4162 1939 4264 nominatim
2014 4163 2219 4248 hanc
2307 4163 2489 4266 vim,
2579 4193 2814 4272 quam
2877 4164 3172 4249 iamdiu
3237 4165 3743 4268 sustinemUS,

1091 4327 1474 4431 quantum
1539 4326 2054 4433 repugnando
2118 4322 2400 4434 potuit,
2467 4323 3072 4434 propulsandam
3141 4324 3606 4410 curavimus.

1277 4482 1863 4582 Verumtamen,
1931 4510 2213 4566 arcano
2279 4482 2806 4593 permittentis
2871 4482 3020 4568 Dei
3089 4482 3437 4586 consiliO,
3504 4482 3746 4570 vehe-

1094 4669 1318 4726 mens
1385 4640 1519 4724 illa
1584 4647 2013 4751 tempestas
2078 4641 2598 4727 diuturnitate
2662 4671 2820 4728 non
2884 4642 3199 4728 resedit.
3282 4643 3506 4747 Quod
3569 4674 3749 4755 pro-

1094 4804 1301 4887 fecto
1366 4800 1496 4885 vix
1561 4828 1756 4909 opus
1822 4807 1943 4885 est
2008 4801 2270 4886 verbis
2357 4801 2665 4911 exequi,
2732 4803 3193 4912 praesertim
3278 4810 3486 4915 apud
3567 4807 3747 4911 Vos,

1097 4961 1604 5048 Venerabiles
1670 4963 2011 5062 FratreS,
2081 4962 2367 5072 quibus
2434 4969 2553 5045 est
2620 4960 2719 5063 id,
2787 4966 2998 5071 quod
3063 4963 3423 5068 dicimuS,
3492 4967 3748 5074 quoti-

1098 5120 1328 5205 diano
1393 5121 1843 5230 spectaculo
1923 5151 2013 5205 ac
2079 5149 2320 5231 prope
2410 5118 2948 5230 experimento
3033 5122 3464 5232 cognitum.
3534 5123 3751 5208 Nihil

1102 5280 1311 5366 enim
1357 5290 1817 5368 cunctantes
1862 5282 2156 5367 inimici
2220 5282 2301 5366 in
2369 5311 2604 5366 cursu
2659 5281 3165 5369 consiliorum
3231 5311 3573 5386 suorum,
3620 5282 3749 5367 hic
