4497 6714
1210 823 1356 899 162

1050 1002 1261 1086 enim
1327 1004 1642 1088 saeculo
1693 1004 1814 1085 IX
1881 1032 2060 1087 cum
2126 1005 2300 1088 Rex
2357 1001 2752 1105 Alfonsus,
2820 1001 2955 1111 qui
3021 1001 3277 1085 dictus
3355 1007 3476 1086 est
3552 1001 3701 1086 Oa·

1048 1170 1240 1267 51113,
1307 1163 1772 1274 Hispaniam
1838 1161 2255 1266 obtineret,
2324 1170 2404 1249 et
2448 1162 2651 1248 Iriae
2720 1161 3039 1247 Flaviae
3104 1160 3508 1247 Ecclesiae
3573 1163 3703 1245 da-

1049 1334 1177 1411 tus
1242 1335 1452 1412 esset
1534 1325 1969 1437 Episcopus
2051 1324 2658 1429 TheodomirUS,
2728 1353 2965 1436 super
3031 1332 3417 1435 cryptam,
3505 1352 3704 1433 1111119

1049 1487 1299 1573 sancti
1333 1488 1601 1574 Iacobi
1636 1496 1717 1574 et
1760 1492 2093 1575 duorum
2159 1486 2725 1598 discipulorum
2767 1486 3141 1597 reliquias
3208 1488 3704 1597 contegebat,

1050 1657 1416 1735 constans
1461 1653 1666 1735 fama
1710 1659 1831 1737 est
1872 1651 2119 1737 veluti
2184 1652 2508 1737 refixam
2553 1650 2770 1737 caelo
2815 1650 3127 1736 stellam
3172 1648 3706 1760 splendidissi-

1048 1843 1258 1898 mam
1302 1813 1777 1924 apparuisse,
1814 1842 2015 1924 quae
2062 1842 2205 1900 suo
2250 1814 2560 1925 fulgore
2605 1812 2982 1898 indicium
3024 1814 3323 1897 faceret
3354 1810 3534 1924 loci,
3571 1809 3708 1894 ubi

1047 1975 1247 2061 sacri
1294 1975 1597 2062 cineres
1647 1976 1939 2062 conditi
1991 1979 2324 2061 fuerant.
2386 1976 2821 2088 Episcopus
2876 1974 3445 2061 Theodomirus
3488 1980 3708 2058 tanto

1051 2135 1238 2221 fclix
1284 2135 1634 2246 auspicio
1670 2136 1969 2222 auctori
1992 2138 2164 2223 Deo
2207 2136 2818 2249 supplicationes
2854 2135 3157 2241 indixit,
3204 2114 3487 2221 deinde
3523 2137 3708 2220 sub-

1050 2297 1285 2382 motis
1327 2297 1798 2408 rciectisque
1856 2298 2146 2384 veteris
2191 2298 2460 2384 sacelli
2522 2298 2975 2400 ruderibuS,
3024 2326 3117 2384 90
3162 2297 3709 2409 investigando

1050 2455 1432 2568 pervenit,
1500 2457 1660 2561 ubi,
1727 2464 2130 2567 tamquam
2195 2458 2274 2541 in
2333 2464 2669 2569 cognato
2734 2458 3118 2569 sepulcro,
3186 2458 3334 2543 tria
3398 2465 3708 2543 sancto-

1052 2646 1230 2700 rum
1276 2645 1600 2728 corpora
1663 2616 2052 2702 distinctis
2096 2617 2375 2703 loculis
2441 2618 2828 2706 iacebant.
2897 2621 3116 2702 Tunc
3160 2625 3250 2703 ut
3311 2618 3532 2704 locus
3577 2618 3708 2704 illc

1054 2778 1440 2889 religione
1506 2786 1824 2863 sanctus
1888 2777 2258 2864 humanis
2323 2786 2532 2865 esset
2597 2778 3006 2891 praesidiis
3072 2779 3468 2883 munitior,
3536 2809 3709 2863 mu-

1054 2971 1233 3025 rum
1294 2940 1377 3025 in
1431 2942 1764 3029 circuitu
1830 2943 2125 3047 eduxit,
2172 2972 2644 3055 sacrumque
2711 2942 3174 3029 thesaurum
3216 2942 3458 3028 firmis
3523 2945 3709 3028 sub-

1055 3103 1619 3189 structionibus
1696 3103 2263 3216 circumsepsit.
2348 3105 2563 3210 Quae
2630 3135 2756 3191 res
2841 3112 2931 3189 ut
2995 3107 3092 3188 ad
3157 3132 3387 3189 aures
3461 3104 3709 3215 Regis

1052 3263 1357 3350 Alfonsi
1401 3272 1929 3379 pervenerunt
1973 3270 2071 3351 ad
2117 3275 2475 3353 sanctum
2502 3266 2856 3380 Apostoli
2901 3266 3351 3379 sepulcrum
3384 3294 3709 3352 venera-

1055 3426 1371 3511 bundus
1433 3426 1697 3511 statim
1764 3427 2118 3531 accessit,
2176 3436 2404 3513 vetus
2470 3428 2847 3513 sacellum
2911 3428 2992 3512 in
3036 3457 3317 3513 novam
3378 3429 3706 3513 formam

1056 3616 1102 3670 a
1165 3586 1331 3671 solo
1396 3586 1907 3672 reficiendum
1974 3588 2297 3691 curavit,
2366 3588 2773 3698 iussitque,
2841 3588 3059 3672 fundi
3126 3587 3337 3672 illius
3399 3617 3707 3699 posses-

1049 3749 1374 3853 sionem,
1441 3749 1797 3835 terminis
1852 3751 1950 3834 ad
2014 3751 2164 3835 tria
2230 3750 2475 3835 millia
2539 3749 2886 3860 prolatis,
2953 3749 3033 3832 in
3099 3749 3373 3859 templi
3438 3750 3706 3836 tuitio-

1044 3940 1229 3996 nem
1293 3918 1673 4022 perpetuo
1753 3912 2118 3996 adtribui.
2198 3914 2409 4000 Urbs
2479 3913 2782 3999 interea
2861 3920 3173 4023 cryptae
3246 3912 3705 4024 propinqua,

1049 4100 1249 4181 quae
1314 4070 1698 4157 hactenus
1763 4072 1920 4157 Iria
2003 4073 2278 4159 Flavia
2361 4077 2819 4177 vocabatur,
2909 4103 3007 4160 ex
3070 4073 3244 4159 visu
3324 4074 3709 4162 elucentis

1046 4231 1319 4317 stellae
1362 4231 1798 4344 potioribus
1862 4233 2230 4344 auspiciis
2277 4233 2853 4343 Compostellae
2899 4233 3048 4318 sibi
3103 4262 3390 4320 nomen
3458 4235 3706 4348 impo-

1048 4390 1227 4475 suit.
1280 4441 1401 4454 —
1466 4391 1621 4478 Sed
1664 4396 1763 4476 ad
1817 4393 2371 4478 illustrandum
2436 4392 2793 4506 Apostoli
2856 4395 3330 4506 sepulcrum,
3398 4405 3710 4509 praeter

1047 4550 1243 4635 illud
1308 4552 1646 4638 caeleste
1713 4552 2074 4664 signum,
2166 4582 2324 4638 non
2388 4583 2640 4665 pauca
2726 4555 3101 4641 divinitus
3208 4557 3413 4642 facta
3499 4567 3706 4662 sunt,

1046 4707 1156 4792 ita
1218 4716 1309 4792 ut
1373 4737 1530 4794 non
1596 4712 1828 4796 modo
1895 4739 1991 4796 ex
2056 4711 2408 4797 finitimis
2507 4713 2956 4800 civitatibus
3023 4725 3103 4802 et
3169 4717 3497 4829 oppidiS,
3565 4723 3705 4805 sed
3759 4802 3764 4808 ,

1047 4899 1094 4952 11
1177 4868 1633 4981 longinquis
1699 4869 1938 4956 etiam
2013 4871 2208 4957 locis
2274 4875 2371 4957 ad
2439 4903 2700 4961 sacros
2792 4876 3094 4963 cineres
3178 4878 3704 4991 supplicatum

1046 5028 1315 5140 populi
1420 5029 1805 5115 venirent.
1909 5030 2164 5135 Quare
2263 5034 2438 5118 Rex
2544 5033 2915 5121 Alfonsus
3021 5040 3145 5123 ΙΙΙ
3246 5040 3710 5126 Decessoris

1051 5189 1174 5275 sui
1260 5191 1708 5300 exemplum
1795 5192 2145 5279 imitatus
2229 5195 2954 5284 exaedificationem
3035 5199 3437 5311 amplioris
3501 5209 3707 5287 tem-

1048 5346 1157 5458 pli
1222 5376 1647 5457 aggressus
1715 5359 1858 5454 est,
1946 5351 2056 5436 ita
2120 5361 2386 5440 tamen
2469 5363 2559 5440 ut
2644 5356 3014 5468 antiquus
3115 5359 3423 5445 loculus
3509 5361 3710 5445 inta-
