4497 6714
3162 731 3308 809 165

804 936 984 993 nem
1050 908 1689 1019 extinguendam,
1791 911 2401 1022 Compostellam
2495 942 2766 997 versus
2854 919 3108 997 castra
3192 941 3459 999 move-

802 1077 1009 1155 runt.
1069 1119 1189 1135 -—
1247 1072 1621 1157 Praeerat
1707 1072 1786 1156 id
1861 1072 2237 1182 temporis
2316 1074 2992 1185 Compostellanae
3059 1074 3462 1161 Ecclesiae

805 1230 1203 1340 piissimus
1251 1232 1911 1344 Archiepiscopus
1987 1235 2323 1319 Ioannes
2389 1265 2434 1319 a
2488 1241 2755 1319 sancto
2824 1234 3254 1329 Clemente,
3329 1233 3464 1344 qui

807 1390 1109 1475 collatis
1146 1421 1325 1476 cum
1362 1392 1778 1478 Canonicis
1815 1393 2159 1478 consiliis
2194 1397 2292 1479 de
2328 1395 2568 1479 saeris
2613 1395 3078 1482 Sanctorum
3111 1394 3467 1505 reliquiis

806 1557 979 1636 tuto
1027 1551 1103 1634 in
1150 1552 1323 1638 loco
1367 1554 1906 1657 recondendis,
1974 1554 2177 1640 hanc
2222 1555 2723 1667 praecipuam
2769 1560 2865 1642 de
2911 1556 3156 1640 saneti
3203 1554 3468 1641 Iacobi

811 1710 1112 1796 exuviis
1178 1742 1445 1797 curam
1512 1714 1658 1798 sibi
1727 1715 2095 1826 suscepit.
2167 1716 2323 1801 Sed
2389 1745 2568 1800 cum
2633 1717 2789 1800 iam
2876 1715 3145 1801 hostes
3227 1715 3470 1800 insta-

809 1879 1007 1976 rent,
1074 1875 1588 1960 tumultuario
1655 1905 1891 1987 opere
1956 1880 2053 1961 ab
2101 1906 2194 1979 eo
2242 1879 2686 1963 clanculum
2731 1878 2881 1963 tria
2926 1907 3249 1988 corpora
3284 1906 3470 1963 con-

812 2033 975 2118 dita
1019 2042 1237 2119 sunt:
1307 2035 1510 2120 cavit
1574 2044 1837 2121 tamen
1905 2044 1994 2121 ut
2058 2066 2307 2123 novus
2371 2038 2675 2123 loculus
2741 2067 2839 2123 ex
2903 2038 3191 2124 veteris
3236 2039 3471 2140 illius,

813 2225 1133 2283 romano
1200 2227 1416 2284 more
1484 2199 1935 2302 constructi,
2003 2201 2422 2286 ruderibus
2489 2202 3122 2305 constitueretur,
3181 2210 3271 2286 ut
3331 2201 3474 2286 ali-

813 2360 1024 2468 quod
1087 2365 1535 2469 superesset
1613 2359 1945 2471 posteris
2037 2389 2309 2446 eorum
2393 2361 2826 2447 identitatis
2908 2361 3470 2447 testimonium.

812 2521 1241 2629 Postquam
1306 2549 1706 2606 recessum
1770 2524 1867 2606 ab
1934 2520 2170 2607 armis
2236 2527 2319 2607 et
2379 2522 2568 2607 belli
2630 2522 2981 2633 pericula
3023 2522 3475 2633 propulsata

815 2689 1022 2785 sunt,
1092 2683 1301 2769 cives
1369 2683 1980 2793 Compostellani
2017 2750 2035 2785 ,
2103 2692 2183 2769 et
2245 2684 2645 2795 peregrini
2711 2683 2846 2794 qui
2912 2713 3005 2769 ea
3068 2684 3241 2770 loca
3317 2687 3473 2769 fre-

816 2850 1150 2953 quentes
1214 2842 1617 2928 adiverant
1680 2873 1820 2954 pro
1888 2851 2102 2929 certo
2165 2842 2589 2949 habebant,
2657 2873 2920 2930 sacros
2985 2844 3287 2930 cineres
3340 2872 3473 2929 eo-

816 3007 996 3091 dem
1063 3034 1234 3092 esse
1301 3004 1558 3091 adhue
1624 3005 1703 3089 in
1767 3006 1940 3091 loeo
2004 3006 2141 3091 ubi
2218 3006 2581 3116 primitus
2669 3006 3098 3117 composita
3160 3006 3473 3116 requie-

817 3136 1117 3252 verant.
1184 3166 1496 3251 Posteri
1561 3174 1828 3251 autem
1893 3166 1973 3250 in
2040 3196 2135 3252 ea
2198 3165 2563 3277 opinione
2629 3168 2948 3252 fuerunt
3012 3195 3167 3277 qua
3230 3164 3475 3251 maio-

817 3359 967 3434 reS,
1035 3327 1144 3414 ita
1208 3336 1475 3415 tamen
1539 3336 1628 3414 ut
1692 3329 2179 3441 temporibus
2244 3328 2532 3416 nostris
2612 3334 3025 3415 censerent
3108 3326 3474 3414 christifi-

818 3491 1037 3576 deles
1101 3490 1181 3574 in
1246 3491 1515 3576 abside
1581 3491 1829 3576 sancti
1896 3491 2163 3577 sacelli
2229 3490 2545 3577 maioris
2609 3493 2883 3577 eadem
2930 3519 3151 3575 saera
3193 3489 3475 3601 pigno-

817 3682 904 3737 ra
967 3651 1284 3755 servari,
1355 3658 1831 3762 quapropter
1894 3651 2082 3736 illuc
2148 3653 2247 3735 ad
2312 3652 2792 3736 adorandum
2858 3650 3177 3762 propius
3251 3677 3477 3734 acce-

825 3816 1125 3918 derent,
1195 3821 1274 3899 et
1340 3812 1731 3898 Basilicae
1802 3812 2077 3896 Clerus
2157 3810 2657 3921 quotidianae
2745 3810 3294 3922 supplicationi
3369 3808 3481 3894 ibi

826 4004 1006 4060 cum
1071 3972 1545 4084 antiphonae
1615 3979 1851 4057 cantu
1918 3973 2153 4058 finem
2218 3978 2570 4083 poneret.

1008 4136 1208 4221 Cum
1273 4162 1458 4220 vero
1524 4132 2014 4220 Venerabilis
2082 4136 2361 4219 Frater
2424 4134 2712 4218 Noster
2777 4132 2853 4220 S.
2921 4134 3017 4217 R.
3065 4135 3158 4221 E.
3208 4133 3478 4219 Cardi-

820 4297 1019 4383 nalis
1083 4301 1290 4406 Paya
1354 4326 1399 4404 y
1460 4295 1658 4380 Rico
1722 4294 2151 4381 hodiernus
2207 4292 2867 4406 Archiepiscopus
2913 4292 3514 4406 Compostella-⁸

821 4489 971 4544 nus
1036 4458 1336 4568 aliquot
1398 4456 1685 4542 abhinc
1761 4456 1985 4541 annis
2068 4455 2602 4541 restituendae
2685 4454 3075 4541 Basilicae
3162 4483 3480 4565 operam

826 4646 1254 4730 aggressus
1320 4623 1585 4719 esset,
1655 4614 2068 4700 consilium
2146 4613 2408 4724 cepit,
2490 4614 2699 4724 quod
2762 4613 3056 4699 iamdiu
3130 4613 3484 4725 agitabat

826 4782 1088 4868 animo
1123 4848 1141 4885 ‚
1230 4780 1756 4892 investigandi
1838 4780 2100 4866 locum
2187 4779 2326 4864 ubi
2411 4778 2662 4864 sancti
2744 4778 3013 4864 Iacobi
3094 4785 3175 4864 et
3246 4777 3482 4863 disci-

826 4941 1193 5054 pulorum
1258 4940 1428 5027 eius
1492 4938 1904 5024 Athanasii
1992 4946 2073 5023 et
2154 4937 2546 5024 Theodori
2628 4936 3007 5047 reliquiae
3073 4935 3269 5022 sitae
3355 4965 3481 5021 es·
3605 4930 3614 4934 ’

824 5111 1024 5190 sent.
1094 5103 1349 5208 Quare
1416 5104 1515 5186 ad
1609 5130 1805 5218 opus
1900 5100 2099 5185 tanti
2194 5100 2574 5186 momenti
2667 5099 2874 5185 viros
2969 5099 3484 5210 peritissimos

827 5263 1127 5375 delegit
1201 5263 1282 5346 in
1360 5262 1889 5349 ecelesiastica
1984 5260 2371 5371 dignitate
2469 5260 2935 5345 constitutos
2971 5326 2990 5364 ,
3077 5260 3211 5370 qui
3297 5290 3484 5373 ope-
