4497 6714
3168 755 3320 834 167

808 941 885 1025 in
954 949 1119 1028 toto
1186 944 1373 1028 orbe
1460 949 1848 1027 terrarum
1936 973 1982 1026 a
2080 940 2527 1027 christianis
2611 938 2998 1041 coluntur,
3065 936 3464 1046 sacrisque

811 1102 1307 1188 celebrantur
1369 1102 2138 1214 peregrinationibus
2203 1103 2301 1186 ad
2366 1107 2732 1209 suscepta
2786 1105 2967 1185 vota
3021 1097 3473 1209 persolven-

811 1265 947 1346 da:
1015 1248 1493 1373 idemquea
1558 1262 2127 1349 Decessoribus
2217 1262 2527 1348 Nostris
2612 1259 2982 1345 Paschali
3046 1261 3168 1362 II,
3239 1258 3475 1343 Calli-

812 1428 933 1506 sto
999 1423 1102 1525 II,
1169 1421 1534 1533 Eugenio
1600 1424 1746 1524 III,
1823 1421 2238 1505 Anastasio
2316 1421 2424 1506 IV
2471 1428 2551 1505 et
2593 1418 3037 1504 Alexandro
3075 1419 3221 1519 III,
3268 1416 3472 1501 datis

819 1581 1533 1685 constitutionibus,
1570 1582 1810 1667 fuisse
1878 1580 2313 1693 privilegiis
2360 1586 2440 1665 et
2491 1577 2922 1664 honoribus
2988 1583 3349 1662 ornatum
3395 1583 3476 1661 et

816 1750 1159 1847 auctum,
1225 1742 1616 1829 voluimus
1680 1749 1769 1827 ut
1833 1744 1932 1826 ad
1995 1749 2305 1826 tantum
2348 1739 2759 1851 negotium
2828 1768 2922 1823 ea
2988 1738 3478 1823 conferretur

816 1904 1251 2016 diligentia,
1320 1935 1556 2016 quam
1621 1934 1931 2016 semper
1995 1904 2447 2014 Apostolica
2512 1903 2754 1989 Sedes
2833 1901 3208 1987 adhibere
3293 1930 3477 1986 con-

819 2066 1097 2150 suevit.
1168 2065 1693 2193 Quamobrem
1758 2095 1855 2150 ex
1922 2064 2156 2152 Sacro
2226 2063 2570 2151 Consilio
2635 2062 2876 2148 sacris
2961 2062 3273 2147 tuendis
3335 2062 3478 2146 Ri-

821 2226 1033 2311 tibus
1129 2227 1599 2338 praeposito,
1699 2226 2000 2337 aliquot
2064 2226 2142 2313 S.
2210 2228 2308 2311 R.
2376 2228 2468 2310 E.
2541 2224 2993 2310 Cardinales
3059 2223 3480 2309 destinavi-

822 2417 1019 2492 muS,
1088 2388 1457 2473 nimirum
1523 2388 2027 2474 Dominicum
2073 2387 2460 2472 Bartolini
2513 2388 3041 2487 Praefectum,
3107 2382 3478 2495 Raphae-

822 2547 981 2632 lem
1047 2549 1376 2633 Monaco
1422 2548 1884 2648 Lavalletta,
1933 2546 2424 2632 Miecislaum
2469 2544 3053 2647 Ledochowski,
3103 2543 3487 2628 Aloisium

826 2707 1175 2811 Serafini,
1243 2708 1631 2792 Lucidum
1698 2707 2026 2792 Mariam
2087 2705 2499 2808 Parocchi,
2567 2705 2967 2816 Angelum
3019 2701 3359 2788 Bianchi
3406 2709 3487 2788 et

826 2869 1210 2955 Thomam
1274 2869 1657 2980 Zigliara3
1758 2898 1904 2955 nec
1970 2897 2124 2955 non
2223 2868 2578 2953 eiusdem
2675 2866 2749 2954 S.
2822 2863 3485 2976 Congregationis

826 3030 1229 3141 praesules
1316 3030 1686 3116 officiales
1782 3029 2110 3115 dilectos
2175 3027 2421 3114 Filios
2486 3026 2909 3137 Magistros
2983 3024 3485 3112 Vincentium

827 3192 1063 3277 Nussi
1128 3191 1767 3277 Protonotarium
1833 3189 2399 3301 Apostolicum,
2468 3187 2982 3273 Laurentium
3047 3185 3338 3273 Salvati
3384 3188 3481 3271 ab

829 3351 1048 3457 actis,
1114 3351 1653 3464 Augustinum
1699 3352 2039 3462 Caprara
2085 3348 2629 3454 Quaesitorem
2693 3349 2792 3433 de
2826 3346 3258 3433 honoribus
3303 3376 3481 3433 cae-

826 3517 1168 3621 lestium,
1237 3547 1394 3601 una
1459 3544 1638 3601 cum
1704 3513 2000 3599 Aloisio
2066 3511 2306 3596 Lauri
2382 3511 2835 3613 Assessore3
2915 3509 3199 3620 quibus
3273 3508 3483 3595 idem

828 3678 1238 3790 negotium
1304 3676 1907 3762 examinandum
1976 3671 2532 3758 commisimus·
2602 3671 3014 3756 Conventu
3060 3668 3329 3756 habito
3386 3671 3484 3754 ad

830 3842 1244 3929 Vaticanas
1309 3839 1634 3925 Nostras
1680 3835 1939 3923 Aedes
1983 3834 2109 3919 die
2154 3864 2256 3917 xx
2300 3832 2488 3917 Maii
2530 3831 2909 3918 vertentis
2972 3830 3178 3935 anni,
3234 3829 3483 3916 omni-

825 4006 973 4089 bus
1039 4004 1137 4087 ad
1203 4000 1579 4085 trutinam
1646 4025 1920 4083 severa
1982 3993 2530 4104 disquisitione
2617 3992 2937 4096 vocatiS,
3018 4021 3481 4103 responsum

827 4167 1097 4250 datum
1166 4167 1287 4246 est
1359 4197 1401 4236 «
1454 4165 1691 4247 dilata
1716 4226 1739 4260 ,
1816 4165 1885 4245 ct
1969 4162 2076 4244 [cd
2144 4162 2467 4242 mentem.
2524 4189 2567 4230 »
2641 4156 2867 4238 Mens
2933 4181 3119 4239 vero
3186 4153 3332 4238 fuit
3395 4160 3485 4238 ut

829 4323 1248 4411 nonnullae
1335 4317 2046 4405 animadversiones
2128 4314 2510 4426 gravioris
2586 4314 2965 4400 momenti
3043 4314 3483 4400 accuratius

828 4486 1464 4571 diiudicarentur.
1533 4528 1655 4544 -
1722 4477 1937 4583 Quae
2002 4505 2127 4562 res
2192 4483 2282 4560 ut
2347 4476 2711 4587 expedite
2778 4478 2877 4559 ad
2939 4476 3239 4562 exitum
3301 4505 3481 4588 per-

832 4645 1157 4747 veniret,
1223 4632 1592 4727 iussimus
1657 4639 2031 4724 dilectum
2076 4636 2371 4720 Filium
2414 4636 2886 4747 Magistrum
2952 4635 3490 4747 Augustinum

837 4812 1176 4922 Caprara
1240 4808 1570 4895 Sanctae
1667 4803 1894 4892 Fidei
1990 4804 2533 4889 Promotorem
2625 4801 3233 4912 Compostellam
3307 4831 3490 4914 pro-

833 4969 1100 5074 ficisci,
1165 4976 1256 5054 ut
1319 4967 1428 5052 ibi
1492 4943 1807 5078 singula
1853 4991 2216 5074 quaeque
2263 4961 2706 5072 inspiceret,
2756 4961 3210 5072 inquireret,
3244 4965 3489 5048 refer-

837 5139 981 5218 ret.
1050 5131 1196 5217 Ille
1261 5129 1619 5232 testibuS,
1668 5154 1863 5238 quos
1897 5124 2111 5237 prius
2145 5151 2287 5234 per
2330 5121 2869 5207 iusiurandum
2912 5125 3311 5234 adegerat,
3349 5119 3488 5210 au-

840 5291 1058 5397 ditis3
1107 5287 1556 5398 compositis
1590 5284 1987 5369 nonnullis
2038 5280 2806 5382 contradictionibus,
2845 5311 3044 5392 quae
3091 5283 3170 5366 in
3217 5313 3489 5373 eorum
