4497 6714
1166 793 1316 872 184

1003 1004 1280 1060 manae
1324 975 1727 1060 Ecclesiae
1792 973 1919 1058 vix
1965 1003 2216 1085 pauca
2272 1002 2363 1058 ac
2415 1002 2658 1083 prope
2712 968 3262 1058 evanescentia
3324 966 3661 1079 vestigia

1001 1134 1084 1218 in
1127 1134 1392 1220 Africa
1455 1141 1981 1247 superessent,
2049 1133 2417 1220 inventus
2483 1141 2606 1219 est
2678 1132 2761 1217 in
2824 1131 3080 1235 Italia,
3147 1129 3283 1241 qui
3327 1128 3664 1215 salutem

1002 1313 1349 1400 Africani
1413 1314 1730 1427 generis
1794 1313 2102 1426 ingenti
2188 1313 2450 1399 animo
2550 1312 3029 1423 complexus,
3118 1314 3217 1396 de
3279 1308 3664 1421 religione

1006 1475 1392 1563 catholica
1455 1477 1615 1562 illic
1678 1475 2166 1562 restituenda
2232 1474 2646 1586 cogitaret.
2736 1475 2817 1559 Is
2913 1472 3087 1575 fuit,
3157 1474 3368 1581 quod
3430 1497 3663 1555 nemo

1003 1636 1338 1748 ignorat,
1404 1636 1874 1722 Franciscus
1931 1634 2438 1720 Assisiensis:
2500 1634 2634 1745 qui
2679 1636 3101 1734 Tunetum,
3148 1633 3247 1715 ad
3291 1630 3665 1742 oppidum

1002 1797 1594 1884 Proconsularis
1658 1796 1968 1881 Africae
2033 1795 2401 1908 princeps
2484 1792 3109 1906 Carthaginique
3194 1790 3664 1902 proximum,

1004 1956 1430 2069 Aegidium
1496 1964 1576 2043 et
1637 1957 2003 2042 Electum
2067 1956 2429 2041 alumnos
2462 1983 2647 2040 suos
2679 1953 3066 2056 submisit,
3131 1951 3518 2061 iussitque
3582 1949 3664 2035 in

1005 2117 1101 2202 iis
1164 2117 1617 2203 hominibus
1681 2120 1778 2201 ad
1841 2116 2206 2203 instituta
2273 2115 2661 2202 catholica
2723 2113 3202 2217 revocandis,
3281 2119 3664 2222 quantum

1006 2286 1349 2390 possent,
1417 2279 1844 2366 elaborare.
1913 2278 2226 2390 Anceps
2327 2286 2407 2365 et
2503 2278 2990 2363 salebrosum
3082 2276 3508 2387 inceptum,
3597 2272 3664 2358 si

1007 2441 1219 2547 quod
1281 2439 1531 2523 aliud:
1597 2438 1680 2523 in
1744 2468 1901 2549 quo
1969 2439 2310 2524 multum
2354 2446 2688 2549 uterque
2734 2437 3144 2524 desudavit
3206 2436 3530 2523 caritate
3585 2443 3666 2521 et

1006 2598 1462 2685 fortitudine
1508 2628 1814 2684 summa
1849 2628 1867 2683 ε
1935 2599 2137 2685 alter
2183 2628 2369 2685 vero
2414 2598 2886 2684 sanctissimi
2929 2597 3307 2710 propositi
3347 2597 3665 2682 laudem

1007 2758 1251 2845 nobili
1315 2760 1684 2869 martyrio
1753 2759 2210 2845 cumulavit.
2246 2810 2370 2824 —
2415 2761 2599 2846 Mox
2646 2759 3082 2871 Gregorius
3135 2761 3258 2843 IX
3302 2762 3667 2844 decessor

1008 2921 1297 3007 Noster
1360 2920 1554 3006 alios
1621 2950 1718 3006 ex
1785 2920 1919 3006 illo
1990 2920 2159 3034 ipso
2226 2920 2588 3007 instituto
2653 2920 2862 3007 viros
2927 2924 3204 3006 eodem
3259 2919 3340 3003 in
3406 2918 3663 3005 cultu-

1003 3111 1175 3166 ram
1238 3081 1677 3168 animorum
1720 3080 2018 3193 legavit
2060 3111 2078 3166 ε
2144 3082 2461 3168 illorum
2505 3090 2770 3168 tamen
2813 3081 3213 3167 laboribus
3252 3080 3664 3166 barbarica

1004 3241 1418 3328 vexatione
1464 3241 1948 3355 interceptiS,
1998 3242 2443 3329 necessario
2479 3244 2774 3328 factum
2824 3250 2969 3348 est,
3017 3250 3106 3327 ut
3148 3249 3359 3360 terra
3401 3240 3666 3325 Africa

1003 3402 1475 3513 apostolicos
1540 3402 1748 3489 viros
1824 3407 1923 3488 ad
1988 3403 2396 3490 saeculum
2463 3433 2716 3514 usque
2783 3403 3178 3490 decimum
3241 3403 3663 3516 septimum

1002 3562 1264 3648 nullos
1329 3561 1721 3647 habuerit.
1790 3564 2011 3647 Tunc
2075 3565 2396 3648 demum
2439 3627 2459 3666 ,
2527 3562 2995 3648 auctoritate
3061 3562 3263 3647 sacri
3341 3561 3662 3648 Consilii

1001 3721 1428 3809 christiano
1495 3722 1790 3809 nomini
1835 3725 2366 3835 propagando,
2412 3724 2923 3809 Praefectura
2966 3723 3393 3835 apostolica
3437 3722 3661 3808 insti-

999 3891 1173 3971 tuta
1237 3893 1381 3990 est,
1450 3914 1651 3998 quae
1716 3884 2295 3997 Algeriensem,
2364 3885 2929 3997 Tripolitanam
3015 3916 3105 3972 ac
3169 3889 3661 3973 Tunetanam

997 4046 1437 4156 provincias
1503 4077 1659 4131 una
1724 4046 2444 4158 complecteretur:
2512 4075 2847 4157 eamque
2952 4048 3263 4134 sodales
3328 4048 3657 4133 Franci-

999 4205 1249 4292 scales
1284 4205 1675 4319 *Capulati
1742 4234 2025 4317 gerere
2091 4205 2308 4290 iussi.
2358 4255 2476 4268 —
2524 4206 2831 4293 Deinde
2876 4209 3378 4294 Praefectum
3445 4207 3657 4320 Apo-

998 4367 1366 4453 stolicum
1429 4366 1759 4453 seorsim
1794 4366 2041 4453 creari
2083 4365 2404 4479 placuit,
2454 4366 2679 4452 cuius
2713 4368 3084 4479 potestati
3120 4365 3502 4479 quidquid
3536 4375 3657 4455 est

999 4529 1173 4641 agri
1236 4529 1626 4616 Tunetani
1692 4531 2116 4614 subesset:
2185 4527 2583 4639 iidemque
2647 4528 3000 4641 religiosi
3065 4530 3373 4617 sodales
3437 4532 3536 4615 ad
3576 4528 3658 4613 id

998 4719 1287 4776 munus
1355 4690 1614 4777 electi.
1683 4690 1833 4796 Qui
1898 4690 2377 4777 laboriosum
2442 4720 2662 4803 opuS,
2729 4689 3079 4777 animose
3174 4698 3653 4802 susceptum,

1000 4851 1260 4939 animo
1324 4881 1576 4964 aeque
1678 4851 1989 4939 excelso
2053 4850 2622 4962 expleverunt,
2690 4857 2779 4936 ut
2866 4850 3183 4937 omnino
3271 4850 3652 4955 dederint,

1001 5016 1192 5128 quid
1255 5017 1540 5104 caritas
1604 5017 1904 5129 possit,
1971 5015 2263 5128 passim
2328 5019 2800 5101 documenta
2864 5015 3227 5101 maxima.
3306 5017 3510 5100 Nam
3573 5014 3654 5099 in

999 5182 1161 5260 tam
1230 5176 1526 5288 agresti
1592 5176 2158 5266 Saracenorum
2240 5174 2729 5260 immanitate
2826 5174 3326 5262 incredibiles
3408 5174 3654 5261 mole-

998 5335 1188 5420 stias
1251 5335 1746 5447 pertulerunt
1791 5363 1808 5419 ε
1878 5334 2350 5446 plurimique
2398 5344 2934 5443 numerantur,
2983 5337 3118 5447 qui
3167 5336 3362 5424 caeli
3407 5336 3650 5423 incle-
