4497 6714
1182 774 1329 852 178

1501 1120 2181 1250 LITTERAE
2268 1112 3203 1248 APOSTOLIOAE

1438 1543 1539 1598 DE
1604 1542 1797 1598 SEDE
1863 1539 2537 1599 ARCHIEPISCOPALI
2601 1534 3246 1596 CARTHAGINIENSI

2052 1698 2608 1757 RESTITUENDA.

1835 2360 2098 2457 LEO
2168 2359 2879 2458 EPISCOPUS

1534 2615 2070 2687 SERVUS
2129 2615 2880 2685 SERVORUM
2937 2614 3172 2682 DEI

1745 2845 1845 2900 AD
1912 2844 2276 2902 FUTURAM
2337 2845 2468 2900 REI
2530 2843 2961 2900 MEMORIAM.

1034 3292 1439 3442 Materna
1502 3353 1904 3441 Ecclesiae
1971 3354 2279 3458 caritaS‚
2348 3384 2822 3465 quamquam
2901 3361 3022 3440 est
3097 3353 3177 3439 in
3241 3382 3472 3439 omne
3537 3350 3682 3438 ho-

1034 3520 1335 3605 minum
1398 3546 1655 3630 genus
1720 3515 2240 3627 aequabiliter
2304 3515 2590 3600 diffusa
2656 3523 2736 3602 et
2787 3519 2883 3601 de
2929 3515 3304 3628 gentibus
3347 3513 3680 3626 singulis

1035 3678 1499 3765 mirabiliter
1561 3677 1918 3781 sollicita,
1984 3676 2187 3762 solet
2251 3683 2517 3763 tamen
2581 3675 3001 3788 praecipuo
3067 3679 3404 3786 quodam
3450 3674 3684 3760 mise-

1035 3839 1417 3925 ricordiae
1484 3868 1722 3925 sensu
1787 3840 1886 3922 ad
1953 3837 2126 3922 illas
2169 3837 2587 3948 respicere,
2634 3867 2830 3949 quas
2871 3840 2968 3923 ab
3013 3836 3429 3948 Evangelii
3474 3865 3686 3922 com-

1036 4001 1277 4113 plexu
1341 4007 1478 4084 aut
1541 3999 1658 4084 vis
1725 4007 1862 4083 aut
1928 4026 2144 4084 error
2189 3998 2682 4084 abstraxerit.
2732 3997 2949 4082 Nihil
2996 3999 3204 4085 enim
3249 4005 3412 4085 tam
3446 4028 3687 4111 grave

1038 4169 1182 4266 est,
1250 4190 1486 4272 quam
1548 4167 2012 4246 renascente
2058 4157 2636 4268 superstitionis
2682 4158 3021 4270 caligine
3068 4158 3473 4244 obcaecari
3527 4187 3684 4260 eOS‚

1041 4320 1326 4432 quibus
1408 4320 2030 4431 praeclarissimo
2097 4320 2250 4406 Dei
2336 4349 2664 4406 munere
2749 4328 2829 4406 et
2893 4324 3096 4407 dono
3181 4320 3453 4407 lumen
3549 4321 3690 4406 ali-

1041 4483 1350 4591 quando
1414 4481 1768 4566 veritatis
1832 4480 2275 4566 affulserat:
2339 4479 2696 4591 nihilque
2762 4488 2921 4566 tam
2989 4480 3388 4583 miserum,
3458 4508 3692 4591 quam

1040 4640 1284 4727 semel
1371 4640 1452 4724 in
1538 4641 1877 4726 salutem
1960 4641 2396 4727 vindicatos
2434 4707 2452 4744 ‚
2553 4641 2635 4724 in
2719 4640 3127 4726 interitum
3210 4640 3482 4726 relabi.
3575 4690 3694 4705 —

1041 4801 1286 4911 Atqui
1366 4830 1649 4887 arcano
1735 4801 1885 4888 Dei
1970 4801 2295 4888 consilio
2392 4801 2619 4886 istius
2708 4802 2919 4887 modi
3007 4800 3409 4888 calamitas
3490 4801 3695 4889 sicut

1044 4960 1235 5045 alias
1299 4968 1548 5047 terras
1612 4989 1769 5047 non
1831 4991 2144 5072 paucas,
2212 4960 2324 5045 ita
2407 4961 2753 5047 Africam
2828 4964 3270 5049 Romanam
3333 4964 3693 5074 perculit,

1046 5151 1225 5207 cum
1290 5121 1752 5234 sapientiam
1843 5120 2352 5207 christianam
2437 5130 2743 5209 mature
2829 5119 3045 5210 Afris
3128 5124 3530 5236 cognitam
3617 5135 3698 5212 et

1046 5288 1446 5391 receptam
1511 5280 2026 5365 maximarum
2091 5288 2653 5393 tempestatum
2718 5283 3002 5368 fluctus
3088 5282 3474 5371 violenter
3557 5313 3695 5372 ex-
