<?xml version="1.0" encoding="UTF-8"?>
<!DOCTYPE html PUBLIC "-//W3C//DTD XHTML 1.0 Transitional//EN"
    "http://www.w3.org/TR/xhtml1/DTD/xhtml1-transitional.dtd">
<html xmlns="http://www.w3.org/1999/xhtml" xml:lang="en" lang="en">
 <head>
  <title>
</title>
<meta http-equiv="Content-Type" content="text/html;charset=utf-8" />
  <meta name='ocr-system' content='tesseract 3.04.00' />
  <meta name='ocr-capabilities' content='ocr_page ocr_carea ocr_par ocr_line ocrx_word'/>
</head>
<body>
  <div class='ocr_page' id='page_1' title='image "./leonisxiiiponti00churgoog_0163.png"; bbox 0 0 4497 6714; ppageno 0'>
   <div class='ocr_carea' id='block_1_1' title="bbox 3139 823 3279 900">
    <p class='ocr_par' dir='ltr' id='par_1_1' title="bbox 3139 823 3279 900">
     <span class='ocr_line' id='line_1_1' title="bbox 3139 823 3279 900; baseline 0 -1"><span class='ocrx_word' id='word_1_1' title='bbox 3139 823 3279 900; x_wconf 83' lang='lat'>151</span> 
     </span>
    </p>
   </div>
   <div class='ocr_carea' id='block_1_2' title="bbox 778 1005 3457 4335">
    <p class='ocr_par' dir='ltr' id='par_1_2' title="bbox 778 1005 3457 4335">
     <span class='ocr_line' id='line_1_2' title="bbox 780 1005 3444 1117; baseline 0 -28"><span class='ocrx_word' id='word_1_2' title='bbox 780 1005 1147 1117; x_wconf 75' lang='lat' dir='ltr'>religiose</span> <span class='ocrx_word' id='word_1_3' title='bbox 1215 1010 1594 1093; x_wconf 88' lang='lat' dir='ltr'>servanda</span> <span class='ocrx_word' id='word_1_4' title='bbox 1659 1008 1977 1092; x_wconf 83' lang='lat' dir='ltr'>virtutis</span> <span class='ocrx_word' id='word_1_5' title='bbox 2045 1037 2232 1093; x_wconf 88' lang='lat' dir='ltr'>suae</span> <span class='ocrx_word' id='word_1_6' title='bbox 2302 1008 2561 1092; x_wconf 85' lang='lat' dir='ltr'>lucem</span> <span class='ocrx_word' id='word_1_7' title='bbox 2614 1007 3012 1092; x_wconf 85' lang='lat' dir='ltr'>exhibere.</span> <span class='ocrx_word' id='word_1_8' title='bbox 3064 1007 3230 1091; x_wconf 82' lang='lat' dir='ltr'>Tuo</span> <span class='ocrx_word' id='word_1_9' title='bbox 3296 1005 3444 1089; x_wconf 88' lang='lat' dir='ltr'>ita-</span> 
     </span>
     <span class='ocr_line' id='line_1_3' title="bbox 782 1163 3442 1278; baseline 0 -28"><span class='ocrx_word' id='word_1_10' title='bbox 782 1193 935 1274; x_wconf 90' lang='lat' dir='ltr'>que</span> <span class='ocrx_word' id='word_1_11' title='bbox 1003 1167 1470 1253; x_wconf 87' lang='lat' dir='ltr'>sacerdotali</span> <span class='ocrx_word' id='word_1_12' title='bbox 1535 1168 1705 1253; x_wconf 84' lang='lat' dir='ltr'>zelo</span> <span class='ocrx_word' id='word_1_13' title='bbox 1744 1234 1761 1269; x_wconf 94' lang='lat'>,</span> <span class='ocrx_word' id='word_1_14' title='bbox 1839 1169 2032 1253; x_wconf 78' lang='lat' dir='ltr'>Ven.</span> <span class='ocrx_word' id='word_1_15' title='bbox 2101 1168 2384 1252; x_wconf 85' lang='lat' dir='ltr'>Frater</span> <span class='ocrx_word' id='word_1_16' title='bbox 2419 1233 2438 1268; x_wconf 92' lang='lat'>,</span> <span class='ocrx_word' id='word_1_17' title='bbox 2504 1166 2932 1278; x_wconf 86' lang='lat' dir='ltr'>plurimum</span> <span class='ocrx_word' id='word_1_18' title='bbox 2998 1166 3077 1249; x_wconf 91' lang='lat' dir='ltr'>in</span> <span class='ocrx_word' id='word_1_19' title='bbox 3142 1163 3293 1260; x_wconf 86' lang='lat' dir='ltr'>hac</span> <span class='ocrx_word' id='word_1_20' title='bbox 3357 1193 3442 1250; x_wconf 91' lang='lat' dir='ltr'>re</span> 
     </span>
     <span class='ocr_line' id='line_1_4' title="bbox 779 1328 3444 1440; baseline -0 -29"><span class='ocrx_word' id='word_1_21' title='bbox 779 1328 1296 1437; x_wconf 78' lang='lat' dir='ltr'>gratulamur,</span> <span class='ocrx_word' id='word_1_22' title='bbox 1364 1329 1717 1439; x_wconf 76' lang='lat' dir='ltr'>itemque</span> <span class='ocrx_word' id='word_1_23' title='bbox 1783 1336 1920 1414; x_wconf 87' lang='lat' dir='ltr'>tuo</span> <span class='ocrx_word' id='word_1_24' title='bbox 1988 1331 2200 1415; x_wconf 89' lang='lat' dir='ltr'>clero</span> <span class='ocrx_word' id='word_1_25' title='bbox 2268 1329 2839 1440; x_wconf 76' lang='lat' dir='ltr'>gratulationes</span> <span class='ocrx_word' id='word_1_26' title='bbox 2915 1328 3240 1413; x_wconf 90' lang='lat' dir='ltr'>Nostras</span> <span class='ocrx_word' id='word_1_27' title='bbox 3308 1355 3444 1411; x_wconf 83' lang='lat' dir='ltr'>ex-</span> 
     </span>
     <span class='ocr_line' id='line_1_5' title="bbox 779 1488 3443 1600; baseline -0.001 -28"><span class='ocrx_word' id='word_1_28' title='bbox 779 1489 1234 1598; x_wconf 80' lang='lat' dir='ltr'>prominmS,</span> <span class='ocrx_word' id='word_1_29' title='bbox 1305 1488 1527 1583; x_wconf 85' lang='lat' dir='ltr'>cuius</span> <span class='ocrx_word' id='word_1_30' title='bbox 1594 1490 1968 1600; x_wconf 77' lang='lat' dir='ltr'>egregiae</span> <span class='ocrx_word' id='word_1_31' title='bbox 2035 1490 2604 1574; x_wconf 75' lang='lat' dir='ltr'>declarationes</span> <span class='ocrx_word' id='word_1_32' title='bbox 2668 1489 2953 1574; x_wconf 89' lang='lat' dir='ltr'>litteris</span> <span class='ocrx_word' id='word_1_33' title='bbox 3029 1490 3443 1571; x_wconf 88' lang='lat' dir='ltr'>mandatae</span> 
     </span>
     <span class='ocr_line' id='line_1_6' title="bbox 781 1647 3440 1762; baseline -0.001 -30"><span class='ocrx_word' id='word_1_34' title='bbox 781 1678 974 1758; x_wconf 87' lang='lat' dir='ltr'>quas</span> <span class='ocrx_word' id='word_1_35' title='bbox 1041 1650 1488 1762; x_wconf 89' lang='lat' dir='ltr'>accepimus</span> <span class='ocrx_word' id='word_1_36' title='bbox 1564 1650 2055 1735; x_wconf 86' lang='lat' dir='ltr'>luculentum</span> <span class='ocrx_word' id='word_1_37' title='bbox 2122 1649 2663 1736; x_wconf 85' lang='lat' dir='ltr'>testimonium</span> <span class='ocrx_word' id='word_1_38' title='bbox 2729 1649 2985 1734; x_wconf 89' lang='lat' dir='ltr'>filialis</span> <span class='ocrx_word' id='word_1_39' title='bbox 3061 1647 3440 1759; x_wconf 89' lang='lat' dir='ltr'>obsequii,</span> 
     </span>
     <span class='ocr_line' id='line_1_7' title="bbox 782 1801 3445 1920; baseline -0.001 -25"><span class='ocrx_word' id='word_1_40' title='bbox 782 1840 938 1920; x_wconf 87' lang='lat' dir='ltr'>quo</span> <span class='ocrx_word' id='word_1_41' title='bbox 1005 1811 1326 1897; x_wconf 88' lang='lat' dir='ltr'>monitis</span> <span class='ocrx_word' id='word_1_42' title='bbox 1393 1819 1474 1896; x_wconf 90' lang='lat' dir='ltr'>et</span> <span class='ocrx_word' id='word_1_43' title='bbox 1537 1811 2032 1897; x_wconf 80' lang='lat' dir='ltr'>documentis</span> <span class='ocrx_word' id='word_1_44' title='bbox 2098 1801 2406 1896; x_wconf 84' lang='lat' dir='ltr'>Nostris</span> <span class='ocrx_word' id='word_1_45' title='bbox 2474 1809 2963 1912; x_wconf 87' lang='lat' dir='ltr'>adhaerent,</span> <span class='ocrx_word' id='word_1_46' title='bbox 3046 1838 3137 1892; x_wconf 90' lang='lat' dir='ltr'>ac</span> <span class='ocrx_word' id='word_1_47' title='bbox 3205 1809 3445 1893; x_wconf 89' lang='lat' dir='ltr'>studii</span> 
     </span>
     <span class='ocr_line' id='line_1_8' title="bbox 781 1968 3446 2082; baseline 0 -29"><span class='ocrx_word' id='word_1_48' title='bbox 781 1999 935 2080; x_wconf 91' lang='lat' dir='ltr'>quo</span> <span class='ocrx_word' id='word_1_49' title='bbox 1002 1973 1338 2082; x_wconf 88' lang='lat' dir='ltr'>flagrant</span> <span class='ocrx_word' id='word_1_50' title='bbox 1404 1978 1494 2055; x_wconf 91' lang='lat' dir='ltr'>ut</span> <span class='ocrx_word' id='word_1_51' title='bbox 1559 1972 1913 2056; x_wconf 87' lang='lat' dir='ltr'>doctrina</span> <span class='ocrx_word' id='word_1_52' title='bbox 1979 1978 2059 2055; x_wconf 94' lang='lat' dir='ltr'>et</span> <span class='ocrx_word' id='word_1_53' title='bbox 2122 1971 2414 2055; x_wconf 89' lang='lat' dir='ltr'>virtute</span> <span class='ocrx_word' id='word_1_54' title='bbox 2494 1969 2856 2054; x_wconf 79' lang='lat' dir='ltr'>instructi</span> <span class='ocrx_word' id='word_1_55' title='bbox 2934 1968 3253 2079; x_wconf 87' lang='lat' dir='ltr'>dignam</span> <span class='ocrx_word' id='word_1_56' title='bbox 3321 1998 3446 2053; x_wconf 91' lang='lat' dir='ltr'>sa-</span> 
     </span>
     <span class='ocr_line' id='line_1_9' title="bbox 785 2130 3445 2242; baseline -0 -27"><span class='ocrx_word' id='word_1_57' title='bbox 785 2135 1159 2218; x_wconf 88' lang='lat' dir='ltr'>cerdotali</span> <span class='ocrx_word' id='word_1_58' title='bbox 1224 2132 1659 2218; x_wconf 89' lang='lat' dir='ltr'>ministerio</span> <span class='ocrx_word' id='word_1_59' title='bbox 1729 2162 2048 2242; x_wconf 83' lang='lat' dir='ltr'>operam</span> <span class='ocrx_word' id='word_1_60' title='bbox 2093 2131 2498 2216; x_wconf 86' lang='lat' dir='ltr'>Ecclesiae</span> <span class='ocrx_word' id='word_1_61' title='bbox 2566 2139 2879 2233; x_wconf 88' lang='lat' dir='ltr'>navent,</span> <span class='ocrx_word' id='word_1_62' title='bbox 2928 2130 3173 2215; x_wconf 89' lang='lat' dir='ltr'>Nobis</span> <span class='ocrx_word' id='word_1_63' title='bbox 3218 2158 3445 2241; x_wconf 88' lang='lat' dir='ltr'>prae-</span> 
     </span>
     <span class='ocr_line' id='line_1_10' title="bbox 778 2290 3448 2402; baseline -0 -26"><span class='ocrx_word' id='word_1_64' title='bbox 778 2294 1146 2378; x_wconf 87' lang='lat' dir='ltr'>buerunt.</span> <span class='ocrx_word' id='word_1_65' title='bbox 1215 2295 1427 2377; x_wconf 88' lang='lat' dir='ltr'>Dum</span> <span class='ocrx_word' id='word_1_66' title='bbox 1495 2294 1658 2377; x_wconf 89' lang='lat' dir='ltr'>Nos</span> <span class='ocrx_word' id='word_1_67' title='bbox 1723 2290 2173 2377; x_wconf 87' lang='lat' dir='ltr'>huiusmodi</span> <span class='ocrx_word' id='word_1_68' title='bbox 2275 2321 2553 2377; x_wconf 89' lang='lat' dir='ltr'>sensus</span> <span class='ocrx_word' id='word_1_69' title='bbox 2617 2291 2863 2376; x_wconf 91' lang='lat' dir='ltr'>Nobis</span> <span class='ocrx_word' id='word_1_70' title='bbox 2959 2290 3448 2402; x_wconf 88' lang='lat' dir='ltr'>gratissimos</span> 
     </span>
     <span class='ocr_line' id='line_1_11' title="bbox 788 2451 3445 2564; baseline 0 -28"><span class='ocrx_word' id='word_1_71' title='bbox 788 2452 1032 2540; x_wconf 84' lang='lat' dir='ltr'>fuisse</span> <span class='ocrx_word' id='word_1_72' title='bbox 1099 2453 1633 2564; x_wconf 87' lang='lat' dir='ltr'>significamus</span> <span class='ocrx_word' id='word_1_73' title='bbox 1670 2519 1689 2555; x_wconf 90' lang='lat'>,</span> <span class='ocrx_word' id='word_1_74' title='bbox 1773 2481 2066 2563; x_wconf 89' lang='lat' dir='ltr'>eosque</span> <span class='ocrx_word' id='word_1_75' title='bbox 2141 2451 2353 2536; x_wconf 89' lang='lat' dir='ltr'>omni</span> <span class='ocrx_word' id='word_1_76' title='bbox 2438 2451 3113 2537; x_wconf 81' lang='lat' dir='ltr'>commendatione</span> <span class='ocrx_word' id='word_1_77' title='bbox 3176 2479 3445 2562; x_wconf 91' lang='lat' dir='ltr'>prose-</span> 
     </span>
     <span class='ocr_line' id='line_1_12' title="bbox 784 2610 3450 2725; baseline -0.002 -26"><span class='ocrx_word' id='word_1_78' title='bbox 784 2615 1121 2725; x_wconf 87' lang='lat' dir='ltr'>quimur,</span> <span class='ocrx_word' id='word_1_79' title='bbox 1189 2614 1424 2699; x_wconf 89' lang='lat' dir='ltr'>simul</span> <span class='ocrx_word' id='word_1_80' title='bbox 1492 2644 1537 2697; x_wconf 89' lang='lat' dir='ltr'>a</span> <span class='ocrx_word' id='word_1_81' title='bbox 1604 2613 1775 2697; x_wconf 94' lang='lat' dir='ltr'>Deo</span> <span class='ocrx_word' id='word_1_82' title='bbox 1842 2610 2454 2697; x_wconf 88' lang='lat' dir='ltr'>clementissimo</span> <span class='ocrx_word' id='word_1_83' title='bbox 2520 2610 2689 2715; x_wconf 90' lang='lat' dir='ltr'>tibi,</span> <span class='ocrx_word' id='word_1_84' title='bbox 2760 2610 2953 2695; x_wconf 91' lang='lat' dir='ltr'>Ven.</span> <span class='ocrx_word' id='word_1_85' title='bbox 3016 2611 3319 2712; x_wconf 82' lang='lat' dir='ltr'>Frater,</span> <span class='ocrx_word' id='word_1_86' title='bbox 3369 2616 3450 2696; x_wconf 84' lang='lat' dir='ltr'>et</span> 
     </span>
     <span class='ocr_line' id='line_1_13' title="bbox 785 2770 3447 2886; baseline -0.003 -25"><span class='ocrx_word' id='word_1_87' title='bbox 785 2776 1151 2861; x_wconf 89' lang='lat' dir='ltr'>omnibus</span> <span class='ocrx_word' id='word_1_88' title='bbox 1214 2775 1372 2861; x_wconf 91' lang='lat' dir='ltr'>tuis</span> <span class='ocrx_word' id='word_1_89' title='bbox 1440 2772 2078 2886; x_wconf 85' lang='lat' dir='ltr'>cooperatoribus</span> <span class='ocrx_word' id='word_1_90' title='bbox 2105 2770 2526 2882; x_wconf 82' lang='lat' dir='ltr'>poscimuS,</span> <span class='ocrx_word' id='word_1_91' title='bbox 2573 2778 2663 2855; x_wconf 85' lang='lat' dir='ltr'>ut</span> <span class='ocrx_word' id='word_1_92' title='bbox 2705 2799 2844 2856; x_wconf 86' lang='lat' dir='ltr'>vos</span> <span class='ocrx_word' id='word_1_93' title='bbox 2890 2799 3210 2855; x_wconf 88' lang='lat' dir='ltr'>suarum</span> <span class='ocrx_word' id='word_1_94' title='bbox 3258 2799 3447 2880; x_wconf 89' lang='lat' dir='ltr'>gra-</span> 
     </span>
     <span class='ocr_line' id='line_1_14' title="bbox 784 2932 3449 3043; baseline -0.002 -21"><span class='ocrx_word' id='word_1_95' title='bbox 784 2938 1071 3023; x_wconf 86' lang='lat' dir='ltr'>tiarum</span> <span class='ocrx_word' id='word_1_96' title='bbox 1140 2938 1604 3023; x_wconf 89' lang='lat' dir='ltr'>muneribus</span> <span class='ocrx_word' id='word_1_97' title='bbox 1702 2935 2106 3039; x_wconf 89' lang='lat' dir='ltr'>cumulet,</span> <span class='ocrx_word' id='word_1_98' title='bbox 2204 2941 2507 3019; x_wconf 85' lang='lat' dir='ltr'>vestras</span> <span class='ocrx_word' id='word_1_99' title='bbox 2605 2932 2939 3043; x_wconf 87' lang='lat' dir='ltr'>optimas</span> <span class='ocrx_word' id='word_1_100' title='bbox 3005 2932 3449 3018; x_wconf 88' lang='lat' dir='ltr'>voluntates</span> 
     </span>
     <span class='ocr_line' id='line_1_15' title="bbox 787 3094 3451 3207; baseline -0.002 -23"><span class='ocrx_word' id='word_1_101' title='bbox 787 3101 1017 3188; x_wconf 89' lang='lat' dir='ltr'>laetis</span> <span class='ocrx_word' id='word_1_102' title='bbox 1080 3100 1468 3186; x_wconf 84' lang='lat' dir='ltr'>fructibus</span> <span class='ocrx_word' id='word_1_103' title='bbox 1534 3101 1991 3200; x_wconf 84' lang='lat' dir='ltr'>foecundet,</span> <span class='ocrx_word' id='word_1_104' title='bbox 2060 3126 2150 3182; x_wconf 88' lang='lat' dir='ltr'>ac</span> <span class='ocrx_word' id='word_1_105' title='bbox 2227 3125 2371 3207; x_wconf 89' lang='lat' dir='ltr'>per</span> <span class='ocrx_word' id='word_1_106' title='bbox 2434 3125 2571 3181; x_wconf 84' lang='lat' dir='ltr'>vos</span> <span class='ocrx_word' id='word_1_107' title='bbox 2640 3094 2924 3181; x_wconf 89' lang='lat' dir='ltr'>efficiat</span> <span class='ocrx_word' id='word_1_108' title='bbox 3002 3102 3093 3179; x_wconf 86' lang='lat' dir='ltr'>ut</span> <span class='ocrx_word' id='word_1_109' title='bbox 3156 3094 3235 3178; x_wconf 91' lang='lat' dir='ltr'>in</span> <span class='ocrx_word' id='word_1_110' title='bbox 3302 3094 3451 3180; x_wconf 90' lang='lat' dir='ltr'>ista</span> 
     </span>
     <span class='ocr_line' id='line_1_16' title="bbox 789 3258 3452 3374; baseline -0.002 -27"><span class='ocrx_word' id='word_1_111' title='bbox 789 3263 1115 3374; x_wconf 87' lang='lat' dir='ltr'>regione</span> <span class='ocrx_word' id='word_1_112' title='bbox 1182 3261 1261 3346; x_wconf 91' lang='lat' dir='ltr'>in</span> <span class='ocrx_word' id='word_1_113' title='bbox 1327 3262 1493 3347; x_wconf 88' lang='lat' dir='ltr'>dies</span> <span class='ocrx_word' id='word_1_114' title='bbox 1557 3260 1811 3372; x_wconf 87' lang='lat' dir='ltr'>magis</span> <span class='ocrx_word' id='word_1_115' title='bbox 1877 3259 2214 3372; x_wconf 89' lang='lat' dir='ltr'>populus</span> <span class='ocrx_word' id='word_1_116' title='bbox 2279 3259 2440 3372; x_wconf 91' lang='lat' dir='ltr'>Ipsi</span> <span class='ocrx_word' id='word_1_117' title='bbox 2505 3258 2855 3345; x_wconf 88' lang='lat' dir='ltr'>serviens</span> <span class='ocrx_word' id='word_1_118' title='bbox 2921 3265 3000 3343; x_wconf 84' lang='lat' dir='ltr'>et</span> <span class='ocrx_word' id='word_1_119' title='bbox 3045 3258 3325 3343; x_wconf 84' lang='lat' dir='ltr'>merito</span> <span class='ocrx_word' id='word_1_120' title='bbox 3371 3264 3452 3344; x_wconf 87' lang='lat' dir='ltr'>et</span> 
     </span>
     <span class='ocr_line' id='line_1_17' title="bbox 790 3420 3452 3537; baseline -0.002 -26"><span class='ocrx_word' id='word_1_121' title='bbox 790 3455 1120 3513; x_wconf 90' lang='lat' dir='ltr'>numero</span> <span class='ocrx_word' id='word_1_122' title='bbox 1187 3432 1599 3537; x_wconf 88' lang='lat' dir='ltr'>augeatur.</span> <span class='ocrx_word' id='word_1_123' title='bbox 1672 3425 1893 3509; x_wconf 87' lang='lat' dir='ltr'>Haec</span> <span class='ocrx_word' id='word_1_124' title='bbox 1960 3424 2122 3508; x_wconf 90' lang='lat' dir='ltr'>Nos</span> <span class='ocrx_word' id='word_1_125' title='bbox 2189 3453 2235 3506; x_wconf 90' lang='lat' dir='ltr'>a</span> <span class='ocrx_word' id='word_1_126' title='bbox 2298 3422 2560 3507; x_wconf 87' lang='lat' dir='ltr'>divina</span> <span class='ocrx_word' id='word_1_127' title='bbox 2623 3420 3116 3532; x_wconf 85' lang='lat' dir='ltr'>benignitate</span> <span class='ocrx_word' id='word_1_128' title='bbox 3171 3420 3452 3531; x_wconf 89' lang='lat' dir='ltr'>implo-</span> 
     </span>
     <span class='ocr_line' id='line_1_18' title="bbox 790 3578 3453 3698; baseline -0.002 -28"><span class='ocrx_word' id='word_1_129' title='bbox 790 3594 1055 3672; x_wconf 86' lang='lat' dir='ltr'>rantes</span> <span class='ocrx_word' id='word_1_130' title='bbox 1123 3586 1482 3698; x_wconf 88' lang='lat' dir='ltr'>cupimus</span> <span class='ocrx_word' id='word_1_131' title='bbox 1548 3591 1836 3669; x_wconf 88' lang='lat' dir='ltr'>testem</span> <span class='ocrx_word' id='word_1_132' title='bbox 1915 3611 2087 3667; x_wconf 87' lang='lat' dir='ltr'>esse</span> <span class='ocrx_word' id='word_1_133' title='bbox 2166 3581 2518 3666; x_wconf 89' lang='lat' dir='ltr'>sincerae</span> <span class='ocrx_word' id='word_1_134' title='bbox 2598 3582 2932 3666; x_wconf 88' lang='lat' dir='ltr'>Nostrae</span> <span class='ocrx_word' id='word_1_135' title='bbox 3011 3578 3453 3665; x_wconf 89' lang='lat' dir='ltr'>dilectionis</span> 
     </span>
     <span class='ocr_line' id='line_1_19' title="bbox 795 3740 3456 3858; baseline -0.003 -25"><span class='ocrx_word' id='word_1_136' title='bbox 795 3756 875 3833; x_wconf 88' lang='lat' dir='ltr'>ct</span> <span class='ocrx_word' id='word_1_137' title='bbox 939 3746 1339 3858; x_wconf 85' lang='lat' dir='ltr'>auspicem</span> <span class='ocrx_word' id='word_1_138' title='bbox 1406 3744 1755 3830; x_wconf 88' lang='lat' dir='ltr'>omnium</span> <span class='ocrx_word' id='word_1_139' title='bbox 1856 3742 2316 3828; x_wconf 88' lang='lat' dir='ltr'>caelestium</span> <span class='ocrx_word' id='word_1_140' title='bbox 2414 3740 2849 3852; x_wconf 89' lang='lat' dir='ltr'>gratiarum</span> <span class='ocrx_word' id='word_1_141' title='bbox 2924 3740 3456 3850; x_wconf 84' lang='lat' dir='ltr'>Apostolicam</span> 
     </span>
     <span class='ocr_line' id='line_1_20' title="bbox 797 3900 3453 4014; baseline -0.002 -24"><span class='ocrx_word' id='word_1_142' title='bbox 797 3907 1472 4009; x_wconf 85' lang='lat' dir='ltr'>Benedictionem,</span> <span class='ocrx_word' id='word_1_143' title='bbox 1541 3933 1776 4014; x_wconf 88' lang='lat' dir='ltr'>quam</span> <span class='ocrx_word' id='word_1_144' title='bbox 1844 3903 2012 4006; x_wconf 87' lang='lat' dir='ltr'>tibi,</span> <span class='ocrx_word' id='word_1_145' title='bbox 2081 3903 2275 3988; x_wconf 81' lang='lat' dir='ltr'>Ven.</span> <span class='ocrx_word' id='word_1_146' title='bbox 2345 3903 2649 4003; x_wconf 86' lang='lat' dir='ltr'>Frater,</span> <span class='ocrx_word' id='word_1_147' title='bbox 2734 3901 3193 4011; x_wconf 86' lang='lat' dir='ltr'>cunctisque</span> <span class='ocrx_word' id='word_1_148' title='bbox 3258 3900 3453 3987; x_wconf 88' lang='lat' dir='ltr'>dile-</span> 
     </span>
     <span class='ocr_line' id='line_1_21' title="bbox 799 4060 3453 4173; baseline -0.002 -19"><span class='ocrx_word' id='word_1_149' title='bbox 799 4069 944 4154; x_wconf 91' lang='lat' dir='ltr'>ctis</span> <span class='ocrx_word' id='word_1_150' title='bbox 1011 4068 1188 4152; x_wconf 81' lang='lat' dir='ltr'>filiis</span> <span class='ocrx_word' id='word_1_151' title='bbox 1234 4097 1276 4153; x_wconf 97' lang='lat' dir='ltr'>e</span> <span class='ocrx_word' id='word_1_152' title='bbox 1323 4073 1462 4151; x_wconf 88' lang='lat' dir='ltr'>tuo</span> <span class='ocrx_word' id='word_1_153' title='bbox 1511 4064 1743 4165; x_wconf 87' lang='lat' dir='ltr'>clero,</span> <span class='ocrx_word' id='word_1_154' title='bbox 1795 4062 1928 4173; x_wconf 86' lang='lat' dir='ltr'>qui</span> <span class='ocrx_word' id='word_1_155' title='bbox 1976 4069 2237 4147; x_wconf 86' lang='lat' dir='ltr'>tecum</span> <span class='ocrx_word' id='word_1_156' title='bbox 2284 4065 2504 4146; x_wconf 89' lang='lat' dir='ltr'>datas</span> <span class='ocrx_word' id='word_1_157' title='bbox 2542 4061 2848 4146; x_wconf 88' lang='lat' dir='ltr'>litteras</span> <span class='ocrx_word' id='word_1_158' title='bbox 2893 4060 3453 4172; x_wconf 86' lang='lat' dir='ltr'>subscripsere,</span> 
     </span>
     <span class='ocr_line' id='line_1_22' title="bbox 797 4222 3457 4335; baseline -0.004 -19"><span class='ocrx_word' id='word_1_159' title='bbox 797 4259 943 4316; x_wconf 91' lang='lat' dir='ltr'>nec</span> <span class='ocrx_word' id='word_1_160' title='bbox 1008 4258 1167 4314; x_wconf 91' lang='lat' dir='ltr'>non</span> <span class='ocrx_word' id='word_1_161' title='bbox 1230 4227 1616 4313; x_wconf 78' lang='lat' dir='ltr'>universis</span> <span class='ocrx_word' id='word_1_162' title='bbox 1681 4225 1967 4335; x_wconf 90' lang='lat' dir='ltr'>quibus</span> <span class='ocrx_word' id='word_1_163' title='bbox 2044 4222 2444 4334; x_wconf 85' lang='lat' dir='ltr'>praesides</span> <span class='ocrx_word' id='word_1_164' title='bbox 2529 4222 2890 4306; x_wconf 87' lang='lat' dir='ltr'>fidelibus</span> <span class='ocrx_word' id='word_1_165' title='bbox 2957 4229 3457 4333; x_wconf 84' lang='lat' dir='ltr'>peramanter</span> 
     </span>
    </p>
   </div>
   <div class='ocr_carea' id='block_1_3' title="bbox 798 4388 1863 4497">
    <p class='ocr_par' dir='ltr' id='par_1_3' title="bbox 798 4388 1863 4497">
     <span class='ocr_line' id='line_1_23' title="bbox 798 4388 1863 4497; baseline -0.006 -23"><span class='ocrx_word' id='word_1_166' title='bbox 798 4391 879 4475; x_wconf 92' lang='lat' dir='ltr'>in</span> <span class='ocrx_word' id='word_1_167' title='bbox 945 4390 1283 4476; x_wconf 88' lang='lat' dir='ltr'>Domino</span> <span class='ocrx_word' id='word_1_168' title='bbox 1348 4388 1863 4497; x_wconf 65' lang='lat' dir='ltr'>impertimus</span> 
     </span>
    </p>
   </div>
   <div class='ocr_carea' id='block_1_4' title="bbox 804 4524 3451 4798">
    <p class='ocr_par' dir='ltr' id='par_1_4' title="bbox 804 4524 3451 4798">
     <span class='ocr_line' id='line_1_24' title="bbox 982 4524 3451 4640; baseline -0.002 -24"><span class='ocrx_word' id='word_1_169' title='bbox 982 4534 1277 4617; x_wconf 90' lang='lat' dir='ltr'>Datum</span> <span class='ocrx_word' id='word_1_170' title='bbox 1320 4534 1621 4616; x_wconf 87' lang='lat' dir='ltr'>Romae</span> <span class='ocrx_word' id='word_1_171' title='bbox 1666 4531 1872 4640; x_wconf 89' lang='lat' dir='ltr'>apud</span> <span class='ocrx_word' id='word_1_172' title='bbox 1938 4528 2014 4614; x_wconf 83' lang='lat' dir='ltr'>S.</span> <span class='ocrx_word' id='word_1_173' title='bbox 2060 4529 2391 4613; x_wconf 88' lang='lat' dir='ltr'>Petrum</span> <span class='ocrx_word' id='word_1_174' title='bbox 2436 4524 2562 4610; x_wconf 90' lang='lat' dir='ltr'>die</span> <span class='ocrx_word' id='word_1_175' title='bbox 2633 4526 2686 4611; x_wconf 80' lang='lat'>8</span> <span class='ocrx_word' id='word_1_176' title='bbox 2756 4525 3115 4612; x_wconf 82' lang='lat' dir='ltr'>Octobris</span> <span class='ocrx_word' id='word_1_177' title='bbox 3192 4525 3451 4631; x_wconf 78' lang='lat'>1884,</span> 
     </span>
     <span class='ocr_line' id='line_1_25' title="bbox 804 4685 2343 4798; baseline -0.005 -21"><span class='ocrx_word' id='word_1_178' title='bbox 804 4685 1318 4780; x_wconf 89' lang='lat' dir='ltr'>Pontificatus</span> <span class='ocrx_word' id='word_1_179' title='bbox 1382 4688 1650 4775; x_wconf 85' lang='lat' dir='ltr'>Nostri</span> <span class='ocrx_word' id='word_1_180' title='bbox 1716 4702 1920 4773; x_wconf 83' lang='lat' dir='ltr'>anno</span> <span class='ocrx_word' id='word_1_181' title='bbox 1985 4686 2343 4798; x_wconf 88' lang='lat' dir='ltr'>septimo.</span> 
     </span>
    </p>
   </div>
   <div class='ocr_carea' id='block_1_5' title="bbox 1766 5010 2493 5098">
    <p class='ocr_par' dir='ltr' id='par_1_5' title="bbox 1766 5010 2493 5098">
     <span class='ocr_line' id='line_1_26' title="bbox 1766 5010 2493 5098; baseline 0.003 -3"><span class='ocrx_word' id='word_1_182' title='bbox 1766 5010 1968 5095; x_wconf 84' lang='lat' dir='ltr'>LEO</span> <span class='ocrx_word' id='word_1_183' title='bbox 2033 5011 2192 5094; x_wconf 89' lang='grc' dir='ltr'>ΡΡ.</span> <span class='ocrx_word' id='word_1_184' title='bbox 2263 5010 2493 5098; x_wconf 86' lang='lat' dir='ltr'>XIII.</span> 
     </span>
    </p>
   </div>
  </div>
 </body>
</html>
