4497 6714
1218 756 1365 833 148

2049 1100 2712 1231 EPISTULA

2062 1490 2407 1547 DILECTIS
2471 1490 2694 1545 FILIIS

1349 1650 1751 1708 CANONICIS
1814 1650 2496 1707 METROPOLITANAE
2563 1647 2974 1706 ECCLESIAE
3040 1647 3415 1703 REMENSIS

1272 1812 1368 1867 ET
1454 1813 1777 1870 RECTORI
1861 1811 2242 1868 GENERALI
2329 1810 2422 1866 AC
2505 1809 2973 1867 RECTORIBUS
3060 1807 3481 1864 DELEGATIS

1948 1973 2320 2030 FOEDERIS
2387 1971 2812 2029 CATHOLICI.

2862 2131 3108 2188 REMOS

1951 2602 2206 2697 LEO
2279 2604 2476 2697 PP.
2548 2602 2828 2696 XIII.

2113 2960 2418 3016 DILECTI
2482 2960 2664 3015 FILII

1469 3125 1815 3182 SALUTEM
1880 3124 1974 3178 ET
2039 3122 2556 3179 APOSTOLICAM
2622 3121 3271 3179 BENEDICTIONEM.
3331 3206 3343 3220 ·

1057 3481 1595 3632 Gratissimas
1660 3543 2082 3629 habuimus
2164 3545 2470 3629 litteras
2553 3544 2933 3655 superiori
3017 3573 3289 3631 mense
3368 3576 3414 3630 a
3490 3544 3711 3632 vobis

1056 3712 1302 3810 datam,
1370 3713 1613 3792 testes
1679 3705 2036 3816 obsequii
2109 3705 2351 3791 vestri
2416 3733 2609 3817 erga
2672 3705 3201 3817 Apostolicam
3281 3706 3565 3793 Sedem
3631 3716 3711 3791 et

1055 3867 1370 3979 pietatis
1435 3897 1526 3952 ac
1589 3866 2031 3968 dilectionis
2098 3895 2254 3975 qua
2317 3865 2558 3950 animi
2621 3866 2859 3951 vestri
2925 3866 3171 3951 Nobis
3247 3866 3704 3953 devinciun-

1054 4041 1205 4116 tur.
1278 4029 1829 4115 Gratissimum
1894 4028 2187 4140 pariter
2253 4028 2513 4114 extitit
2578 4029 2823 4114 Nobis
2889 4058 3020 4115 eas
3099 4029 3706 4117 deliberationes

1052 4192 1337 4278 litteris
1402 4190 1681 4276 vestris
1748 4189 2354 4301 comprehensas
2422 4189 2896 4299 conspicere,
2945 4219 3139 4299 quas
3186 4219 3346 4292 voe,
3395 4190 3475 4274 in
3523 4219 3708 4276 con-

1054 4352 1421 4438 ventibus
1484 4349 1766 4436 vestris
1811 4350 1886 4433 in
1937 4350 2086 4434 ista
2134 4349 2450 4434 civitate
2495 4348 2813 4453 habitis,
2865 4350 3356 4435 documentis
3403 4350 3710 4435 Nostris

1053 4512 1573 4598 adhaerentes
1649 4541 1693 4594 a
1757 4510 2154 4595 sodalibus
2237 4510 2577 4595 foederis
2653 4508 3019 4595 catholici
3084 4514 3505 4596 servandas
3568 4540 3710 4598 no-

1052 4673 1434 4759 bilissimo
1501 4671 1861 4781 exemplo
1929 4670 2306 4756 edidistis,
2375 4673 2532 4756 Eas
2597 4670 2830 4775 enim,
2879 4670 3144 4756 dilecti
3198 4670 3362 4774 filii,
3431 4672 3710 4784 dignas

1056 4832 1373 4920 omnino
1439 4831 1726 4919 eximia
1789 4830 2171 4942 religione
2239 4839 2501 4917 vestra
2564 4831 3030 4935 invenimus,
3085 4836 3712 4918 accommodatas

1058 5005 1139 5078 et
1204 4999 1682 5103 opportunas
1778 4991 2061 5075 rationi
2140 5000 2586 5103 temporum
2685 5002 2764 5079 et
2861 4995 3032 5080 zelo
3109 5024 3499 5106 congruas
3580 4996 3713 5105 qui

1056 5157 1286 5239 decet
1350 5153 1430 5236 in
1495 5159 1715 5238 tanto
1783 5153 2210 5239 certamine
2276 5184 2504 5241 veros
2570 5157 2974 5243 Ecclesiae
3040 5156 3242 5242 filios
3289 5185 3379 5241 ac
3423 5156 3713 5243 milites

1061 5313 1377 5400 Christi.
1448 5314 1937 5426 Quapropter
2002 5315 2337 5426 optimas
2402 5316 2844 5401 voluntates
2911 5324 3211 5403 vestras
3288 5316 3509 5404 hisce
3584 5317 3714 5402 lit-
