4497 6714
1238 806 1386 887 194

2083 1159 2749 1291 EPISTOLA

1828 1528 2151 1585 DILECTO
2219 1527 2424 1584 FILIO
2491 1527 2753 1584 NOBILI
2819 1529 2999 1585 VIRO

1300 1688 1717 1746 FRANCISCO
1786 1689 2170 1746 GREGORIO
2236 1689 2523 1743 BILLINI
2587 1688 2940 1745 PRAESIDI
3005 1686 3512 1745 REIPUBLICAE

2120 1846 2707 1903 DOMINICIANAE.

2284 2010 2894 2068 nommcoromm
2962 1982 3231 2095 (sANTo
3299 1983 3678 2096 commeo)

1954 2431 2485 2591 LEo'PP.
2553 2497 2840 2592 xm.

1857 2871 2184 2928 DILECTE
2255 2873 2409 2928 FILI
2473 2872 2774 2928 NOBILIS
2841 2873 2971 2927 VIR

1496 3033 1847 3091 SALUTEM
1911 3033 2007 3089 ET
2073 3032 2595 3090 APOSTOLICAM
2660 3032 3314 3090 BENEDICTIONEM.

1076 3354 1426 3503 Libenti
1489 3416 2035 3527 benevoloque
2080 3415 2342 3501 animo
2388 3414 2729 3500 officium
2775 3416 3253 3527 excepimuS,
3302 3446 3457 3528 quo
3501 3418 3747 3504 Nobis

1076 3578 1361 3665 litteris
1426 3579 1629 3664 datis
1691 3578 1817 3664 die
1890 3581 1939 3664 9
2010 3579 2255 3690 elapsi
2323 3579 2806 3688 Septembris
2851 3579 3346 3692 significasti,
3393 3588 3473 3667 te
3517 3580 3747 3666 istius

1076 3741 1669 3829 Dominicianae
1735 3742 2252 3852 Reipublicae
2317 3741 2774 3826 Praesidem
2838 3741 3220 3853 legitimis
3265 3749 3584 3827 tuorum
3633 3743 3744 3828 ci-

1072 3904 1289 3990 vium
1353 3903 1758 4014 suffragiis
1824 3932 1997 3989 esse
2064 3902 2640 4006 renunciatum,
2710 3931 2800 3986 ac
2865 3902 2992 3988 die
3068 3902 3322 4014 prima
3391 3902 3747 3989 eiusdem

1074 4067 1366 4152 mensis
1431 4066 1875 4150 iuramento
1941 4066 2039 4150 de
2106 4092 2323 4149 more
2392 4063 2604 4149 edito
2698 4062 2927 4147 istius
3017 4062 3531 4172 Reipublicae
3596 4093 3747 4175 gu-

1070 4227 1499 4314 bernacula
1564 4224 2029 4336 suscepisse.
2099 4228 2193 4308 In
2258 4224 2411 4311 hoc
2477 4225 2689 4310 enim
2754 4233 3068 4310 tuarum
3143 4227 3588 4313 litterarum
3632 4231 3747 4314 of-

1076 4388 1277 4492 fici0,
1345 4396 1517 4473 tum
1580 4387 1820 4472 studii
1886 4386 2002 4472 tui
2068 4415 2264 4498 erga
2347 4385 2819 4472 catholicam
2901 4387 3373 4499 religionem
3440 4389 3744 4501 signifi-

1073 4551 1300 4655 catio,
1368 4558 1543 4674 tum·
1604 4553 1891 4636 devota
1954 4557 2092 4635 tua
2158 4579 2352 4661 erga
2416 4548 2626 4635 hanc
2693 4548 3231 4660 Apostolicam
3283 4549 3568 4637 Sedem
3609 4582 3748 4639 vo-

1072 4713 1334 4797 luntas
1399 4711 1644 4797 Nobis
1729 4711 2172 4797 luculenter
2270 4711 2643 4797 enitebat.
2751 4711 2952 4797 Cum
3053 4740 3284 4823 porro
3370 4710 3571 4797 nihil
3646 4714 3750 4799 sit

1073 4871 1319 4957 Nobis
1385 4870 1807 4982 antiquius,
1854 4872 2166 4958 Dilecto
2212 4870 2369 4955 Fili
2403 4871 2710 4957 Nobilis
2754 4871 2914 4973 Vir,
2972 4900 3210 4983 quam
3273 4878 3363 4956 ut
3419 4901 3513 4958 ea
3558 4900 3745 4958 con-

1073 5031 1384 5118 cordiae
1448 5033 1762 5118 vincula
1844 5033 1991 5119 rite
2070 5039 2484 5119 serventur
2564 5038 2644 5117 et
2726 5032 2808 5116 in
2881 5032 3049 5118 dies
3131 5032 3387 5143 magis
3455 5035 3737 5119 confir-

1074 5202 1425 5300 mentur,
1495 5195 1780 5306 quibus
1860 5202 2130 5282 extera
2193 5194 2586 5306 gubernia
2678 5192 2867 5279 huic
2968 5193 3470 5304 Apostolicae
3563 5195 3743 5282 Sedi

999 5457 1002 5460 ‚
1074 5355 1539 5465 iunguntur,
1605 5355 1802 5438 illud
1866 5354 2214 5440 studium
2284 5356 2492 5464 quod
2556 5353 2640 5437 in
2683 5349 2834 5436 hac
2879 5383 2963 5440 rc
3010 5354 3168 5439 tuis
3235 5354 3521 5439 litteris
3564 5383 3745 5466 pro-
