4497 6714
1103 768 1203 843 OS

947 951 1302 1060 utrisque
1369 957 1489 1035 est
1530 950 1946 1034 honestam
1978 950 2580 1060 proletariorum
2618 950 2950 1033 classem
2984 949 3279 1049 iuvare,
3325 975 3600 1032 eorum

947 1112 1259 1216 liberos,
1324 1113 1681 1215 familias,
1746 1111 2133 1222 praesidio
2200 1119 2282 1198 et
2350 1111 2704 1197 custodia
2787 1117 3108 1221 tegere,
3179 1108 3262 1191 in
3334 1106 3604 1217 eisque

949 1273 1266 1384 pietatis
1329 1273 1610 1376 studia,
1674 1270 2082 1383 religionis
2147 1270 2608 1375 doctrinam,
2679 1300 2860 1356 cum
2913 1269 3372 1381 integritate
3437 1296 3606 1351 mo-

952 1464 1129 1519 rum
1192 1434 1423 1532 tueri.
1504 1483 1623 1498 -—
1697 1436 1794 1518 In
1860 1462 2016 1543 quo
2083 1462 2381 1545 genere
2457 1433 2690 1520 silere
2775 1431 2929 1519 hoc
3004 1432 3177 1519 loco
3243 1432 3608 1517 nolumus

951 1595 1164 1680 illam
1233 1596 1681 1707 spectaculo
1718 1596 2241 1707 exemploque
2288 1595 2708 1707 insignem,
2756 1598 2853 1681 de
2887 1595 3176 1705 populo
3219 1593 3609 1679 inferioris

954 1756 1245 1843 ordinis
1308 1764 1473 1843 tam
1536 1756 1934 1868 praeclare
1998 1757 2364 1842 meritam
2442 1757 2958 1861 societatem,
3045 1784 3247 1866 quae
3312 1785 3358 1839 a
3421 1754 3610 1841 Vin-

957 1920 1214 2007 centio
1278 1926 1500 2030 patre
1567 1918 2039 2005 nominatur.
2125 1919 2554 2031 Cognitum
2645 1926 2767 2006 est
2842 1919 3032 2030 quid
3093 1924 3335 2031 agat,
3423 1918 3613 2027 quid

954 2081 1187 2168 velit:
1253 2081 1555 2168 seilicet
1618 2087 1784 2167 tota
1847 2080 1930 2164 in
1984 2079 2136 2166 hoc
2182 2087 2327 2184 est,
2392 2087 2483 2165 ut
2548 2080 2969 2192 egentibus
3014 2087 3094 2166 et
3139 2076 3612 2164 calamitosis

956 2242 1356 2354 suppetias
1424 2248 1555 2329 eat
1600 2242 1834 2345 ultro,
1880 2241 2118 2352 idque
2184 2241 2619 2353 sagacitate
2663 2240 3208 2351 modestiaque
3251 2239 3611 2324 mirabili:

959 2433 1161 2514 quae
1228 2430 1383 2514 quo
1448 2402 1709 2487 minus
1772 2402 2022 2489 videri
2084 2402 2255 2488 vult
2279 2468 2298 2506 ,
2389 2431 2481 2489 eo
2572 2404 2694 2489 est
2769 2405 2869 2486 ad
2934 2401 3342 2488 caritatem
3407 2399 3616 2486 chri-

958 2564 1292 2650 stianam
1356 2562 1655 2667 melior,
1722 2565 1823 2647 ad
1885 2562 2379 2648 miseriarum
2448 2563 2808 2649 levamen
2872 2561 3405 2673 opportunior.

1148 2724 1440 2828 Quarto
1484 2725 1682 2827 locO,
1720 2750 1875 2834 quo
1920 2721 2229 2809 facilius
2273 2722 2355 2807 id
2402 2726 2612 2833 quod
2674 2723 3037 2809 volumus
3081 2750 3616 2832 assequamur,

960 2886 1144 2972 fidei
1217 2886 1692 2998 vigiliaeque
1756 2891 2063 2972 vestrae
2129 2884 2510 2971 maiorem
2572 2885 2655 2968 in
2719 2888 3041 2970 modum
3121 2886 3622 2969 commenda-

961 3075 1138 3131 mus
1202 3044 1718 3148 iuventutem,
1785 3053 1875 3130 ut
1939 3073 2143 3156 quae
2211 3074 2393 3156 spes
2451 3053 2572 3131 est
2616 3045 3014 3131 societatis
3056 3044 3623 3130 humanae.—

963 3210 1284 3292 Partem
1351 3236 1717 3293 curarum
1764 3212 2207 3292 vestrarum
2273 3205 2353 3289 in
2421 3205 2592 3292 eius
2656 3206 3149 3292 institutione
3204 3206 3625 3291 maximam

966 3368 1266 3480 ponite:
1332 3397 1479 3454 nec
1542 3367 2112 3479 providentiam
2174 3368 2471 3479 putetis
2534 3368 2779 3453 ullam
2824 3370 2990 3455 fore
3046 3375 3370 3486 tantam,
3439 3369 3627 3480 quin

969 3531 1072 3614 sit
1117 3528 1561 3616 adhibenda
1606 3528 1880 3631 maior,
1927 3534 2018 3612 ut
2080 3528 2177 3614 iis
2242 3531 2699 3615 adolescens
2738 3536 2953 3616 aetas
2996 3530 3511 3642 prohibeatur
3552 3538 3632 3616 et

976 3688 1291 3775 scholis·
1335 3696 1415 3775 et
1479 3687 1909 3800 magistriS,
1956 3691 2166 3773 unde
2211 3689 2588 3799 pestilens
2634 3697 3027 3776 sectarum
3092 3693 3402 3776 afflatus
3465 3721 3633 3778 me-

972 3858 1277 3936 tuatur.
1344 3853 1768 3952 ParenteS,
1854 3850 2213 3961 magistri
2278 3850 2618 3961 pietatiS,
2712 3852 3093 3939 Curiones
3156 3853 3364 3939 inter
3428 3852 3636 3939 chri-

975 4013 1279 4098 stianae
1319 4011 1747 4097 doctrinae
1780 4010 2377 4122 praeceptiones
2443 4010 2829 4096 insistant.
2876 4013 3117 4099 Vobis
3162 4014 3636 4118 auctoribUS,

978 4179 1419 4283 opportune
1487 4199 1985 4256 commonere
2051 4171 2342 4256 liberos
2410 4177 2490 4256 et
2554 4172 2913 4258 alumnos
2956 4176 3054 4258 de
3100 4173 3482 4259 eiusmodi
3515 4202 3641 4260 so-

977 4335 1351 4421 cietatum
1415 4334 1806 4445 flagitiosa
1853 4341 2158 4438 natura,
2208 4342 2290 4421 et
2332 4342 2422 4420 ut
2466 4340 2776 4422 mature
2846 4364 3122 4422 cavere
3189 4337 3495 4422 discant
3528 4367 3646 4421 ar-

976 4502 1097 4581 tes
1159 4494 1690 4579 fraudolentas
1738 4501 1817 4580 et
1860 4493 2136 4598 variaS,
2206 4522 2401 4603 quas
2467 4522 2738 4579 earum
2802 4503 3364 4607 propagatores
3409 4525 3642 4582 usur-

978 4683 1166 4767 pare
1211 4658 1311 4740 ad
1355 4655 1895 4765 illaqueandos
1939 4654 2301 4742 homines
2337 4665 2946 4743 consueverunt.
2994 4659 3248 4743 Immo
3295 4657 3430 4768 qui
3463 4660 3649 4744 ado-

980 4814 1457 4901 lescentulos
1521 4817 1620 4899 ad
1683 4845 1902 4900 sacra
1944 4815 2448 4926 percipienda
2503 4814 2654 4901 rite
2699 4816 3092 4920 erudiunt,
3159 4844 3318 4902 non
3383 4815 3650 4927 inepte

981 4976 1336 5078 fecerint,
1384 4974 1450 5060 si
1498 4977 1891 5060 adducant
1938 4976 2296 5088 singulos
2361 4983 2451 5060 ut
2515 4982 2867 5062 statuant
2924 5006 3014 5063 ac
3080 4978 3487 5089 recipiant,
3533 4977 3653 5062 in-

985 5132 1416 5219 scientibus
1460 5132 1943 5244 parentibuS,
1989 5142 2125 5219 aut
2158 5163 2316 5220 non
2356 5141 2680 5221 auctore
2745 5137 2873 5223 vel
2938 5136 3275 5224 Curione
3310 5137 3437 5224 vel
3470 5165 3655 5223 con-

987 5296 1366 5382 scientiae
1412 5295 1672 5381 iudice
1701 5361 1720 5399 ,
1787 5297 2004 5380 nulla
2069 5325 2157 5383 se
2220 5324 2572 5405 unquam
2637 5297 3012 5383 societate
3078 5296 3586 5409 obligaturos,
