4497 6714
1283 805 1372 882 lo

1122 987 1645 1093 continentur,
1691 991 1838 1077 sibi
1883 990 2245 1103 singulae
2292 994 2814 1079 consulentes
2853 994 3147 1079 Verum
3191 994 3499 1104 quoties
3546 993 3773 1104 quid-

1122 1176 1360 1258 quam
1426 1152 1797 1237 constitui
1860 1156 1958 1240 de
2025 1181 2118 1240 eo
2184 1183 2480 1266 genere
2547 1162 2926 1265 oporteat,
2993 1159 3092 1242 de
3160 1183 3315 1266 quo
3360 1164 3779 1267 utramque

1120 1317 1618 1419 potestatem,
1685 1314 2014 1400 diversis
2078 1315 2399 1426 quidem
2465 1316 2762 1406 caussis
2824 1316 3292 1427 diversoque
3336 1322 3591 1423 modo,
3638 1322 3778 1405 sed

1120 1477 1388 1557 tamen
1450 1482 1866 1585 utramque
1933 1476 2414 1563 constituere
2479 1485 2787 1564 rectum
2851 1477 2975 1580 sit,
3043 1477 3487 1563 necessaria
3532 1487 3654 1565 est
3697 1486 3778 1565 et

1000 1648 1003 1649 *
1119 1632 1441 1718 utilitati
1516 1635 1878 1746 publicae
1966 1645 2494 1723 consentanea
2576 1637 2989 1749 utriusque
3070 1639 3538 1745 concordia3
3619 1668 3776 1749 qua

1123 1794 1454 1900 sublata,
1523 1796 1839 1882 omnino
1907 1806 2429 1884 consecutura
2495 1805 2644 1885 est.
2692 1828 2983 1911 anceps
3063 1802 3449 1910 quaedam
3519 1806 3777 1885 muta-

1118 1957 1460 2069 bilisque
1529 1960 1896 2059 conditio,
1965 1990 2306 2072 quacum
2369 1990 2517 2048 nec
2580 1962 2986 2049 Ecclesiae
3037 1990 3185 2047 nec
3238 1960 3575 2047 civitatis
3636 1988 3777 2072 po-
3948 1961 3955 1967 ’

1120 2126 1278 2206 test
1340 2122 1869 2232 tranquillitas
1937 2124 2394 2210 consistere.
2466 2124 2668 2210 Cum
2734 2124 2984 2236 igitur
3046 2123 3296 2234 pactis
3374 2122 3777 2209 conventis

1119 2280 1325 2367 inter
1388 2312 1691 2369 sacram
1758 2284 2230 2395 civilemque
2295 2290 2772 2395 potestatem
2817 2284 3152 2396 ‘publice
3228 2284 3525 2394 aliquid
3560 2311 3776 2403 *con-

1120 2442 1487 2531 stitutum
1552 2452 1697 2550 est,
1763 2453 1954 2530 tunc
2038 2448 2390 2556 profecto
2490 2449 2698 2556 quod
2793 2445 3139 2531 iustitiae
3218 2445 3571 2547 interest,
3653 2443 3774 2527 in-

1120 2610 1367 2691 terest
1429 2605 1641 2690 idem
1703 2605 1820 2691 rei
1883 2606 2272 2716 publicae,
2363 2607 2861 2693 concordiam
2952 2635 3271 2692 manere
3334 2606 3774 2716 integram3

1117 2770 1535 2875 propterea
1603 2767 1811 2875 quod
1875 2764 2081 2850 sicut
2145 2765 2375 2852 alteri
2456 2768 2554 2850 ab
2640 2766 2888 2852 altera
2962 2774 3462 2877 praestantur
3524 2765 3777 2873 officia

1119 2932 1417 3031 mutua,
1482 2928 1594 3013 ita
1660 2936 1922 3015 certus
1987 2929 2353 3015 utilitatis
2417 2933 2719 3016 fructus
2784 2930 2991 3017 ultro
3059 2930 3412 3040 citroque
3487 2928 3774 3039 accipi-

1119 3093 1249 3172 tur
1314 3095 1395 3174 et
1459 3089 1840 3175 redditur.

1303 3250 1400 3333 In
1468 3249 1748 3355 Gallia,
1815 3251 2141 3338 ineunte
2204 3250 2360 3337 hoc
2424 3251 2763 3355 saeculo,
2830 3258 3345 3363 posteaquam
3410 3250 3776 3363 ingentes

1118 3410 1236 3495 illi
1271 3477 1290 3516 ,
1359 3411 1493 3521 qui
1557 3414 1792 3524 paulo
1879 3420 2060 3501 ante
2136 3416 2505 3517 fuerant,
2586 3421 2848 3500 motus
2924 3413 3193 3500 civiles
3278 3420 3776 3522 terroresque

1121 3572 1755 3684 conquieverant,
1822 3575 1972 3686 ipsi
2036 3605 2304 3661 rerum
2347 3577 2841 3688 publicarum
2902 3584 3249 3664 rectores
3289 3576 3774 3678 intellexere,

1119 3732 1334 3818 haud
1397 3763 1627 3846 posse
1693 3737 1977 3823 melius
2043 3739 2333 3824 fessam
2398 3744 2518 3823 tot
2581 3737 2830 3823 ruinis
2897 3739 3296 3825 civitatem
3360 3736 3776 3840 sublevari,

1122 3924 1359 4006 quam
1424 3896 1490 3981 si
1554 3897 1836 4010 religio
1903 3898 2293 3985 catholica
2355 3892 2935 3987 restitueretur.
3007 3902 3350 4010 Futuras
3393 3898 3776 3983 utilitates

1120 4055 1485 4166 opinione
1550 4056 2041 4168 praecipiens
2109 4058 2300 4143 Pius
2365 4059 2517 4144 VII
2584 4060 2975 4147 Decessor
3031 4061 3343 4163 Noster,
3389 4057 3777 4145 voluntati

1121 4215 1353 4328 primi
1421 4216 1782 4302 Consulis
1846 4218 2055 4304 ultro
2122 4220 2547 4304 obsecutus
2613 4227 2756 4325 est,
2803 4220 3178 4306 facilitate
3243 4219 3777 4331 indulgentia-

1124 4408 1279 4490 que
1327 4408 1518 4464 usus
1562 4385 1803 4482 tanta,
1841 4387 2136 4489 quanta
2178 4379 2522 4464 maxima
2554 4408 2695 4490 per
2740 4380 3083 4465 officium
3117 4380 3362 4465 licuit.
3402 4429 3519 4442 —
3558 4381 3777 4463 Tunc

1120 4543 1219 4627 de
1285 4540 1613 4626 summis
1678 4541 2066 4650 capitibus
2132 4570 2314 4626 cum
2379 4541 2896 4644 convenisset,
2963 4544 3474 4626 fundamenta
3525 4540 3779 4652 posita

1122 4709 1308 4787 sunt
1370 4707 1794 4810 tutumque
1859 4700 2009 4786 iter
2075 4701 2469 4786 munitum
2531 4702 3043 4787 restituendis
3107 4730 3199 4787 ac
3263 4700 3557 4787 sensim
3621 4707 3779 4785 sta-

1120 4862 1487 4949 biliendis
1551 4865 1789 4949 rebus
1855 4863 2247 4975 religiosis
2315 4870 2868 4973 opportunum.
2938 4866 3043 4949 Et
3084 4892 3361 4950 revera
3404 4862 3631 4974 plura
3685 4890 3778 4948 eo

1121 5032 1476 5132 tempore
1541 5051 1634 5108 ac
1698 5024 2131 5134 posteriore
2211 5029 2471 5109 aetate
2550 5024 2919 5133 prudenti
2997 5022 3287 5109 iudicio
3354 5022 3781 5108 constituta

1123 5191 1330 5287 sunt,
1400 5210 1602 5310 quae
1668 5186 1767 5268 ad
1831 5184 2453 5269 incolumitatem
2518 5192 2599 5268 et
2642 5187 2883 5270 decus
2927 5184 3330 5270 Ecclesiae
3383 5184 3778 5293 pertinere

1123 5343 1616 5429 videbantur.
1686 5345 2182 5454 Permagnae
2250 5342 2532 5428 exinde
2599 5350 3018 5453 perceptae
3085 5344 3491 5444 utilitateS,
3557 5349 3777 5428 tanto
