4497 6714
3129 812 3233 888 43

1304 1152 1967 1283 EPISTOLA
2056 1150 2826 1283 ENOYOLICA

1488 1544 1611 1598 DE
1692 1543 2002 1599 SECTA
2080 1541 2643 1598 MASSONUM.

1623 2188 1875 2283 LEO
1945 2190 2145 2282 ΡΡ.
2220 2187 2507 2282 XIII.

1618 2667 2140 2722 VENERABILES
2204 2667 2540 2722 FRATRES

1176 2828 1523 2884 SALUTEM
1588 2828 1682 2881 ΕΤ
1746 2826 2261 2884 APOSTOLICAM
2325 2827 2974 2884 BENEDICTIONEM.

766 3184 1270 3332 Humanum
1335 3274 1613 3355 genUS,
1678 3250 1952 3353 postea
2015 3272 2251 3352 quam
2311 3273 2356 3327 a
2400 3251 2775 3349 creatore,
2841 3275 3416 3356 munerumque

774 3407 1231 3494 caelestium
1277 3404 1652 3515 largitore
1719 3404 1914 3507 Dec,
1978 3411 2259 3492 inv-edice
2323 3410 2646 3510 Diaboli,
2713 3406 3145 3494 miserrime
3202 3410 3418 3494 defe-

779 3569 907 3672 cit,
975 3567 1055 3651 in
1121 3574 1384 3678 partes
1429 3567 1622 3648 duas
1668 3563 2012 3648 diversas
2056 3566 2578 3674 adversasque
2623 3565 3020 3671 discessit3
3089 3596 3422 3677 quarum

779 3730 1026 3814 altera
1088 3727 1399 3811 assidue
1476 3711 1617 3836 pro
1680 3723 2009 3810 veritate
2098 3731 2178 3809 et
2260 3724 2549 3810 virtute
2631 3735 3101 3838 propugnat,
3179 3729 3426 3815 altera

778 3917 919 4001 pro
984 3888 1102 3990 iis,
1172 3915 1373 3997 quae
1437 3884 1709 3970 virtuti
1774 3891 1957 3969 sunt
2020 3883 2490 3993 veritatique
2569 3886 2979 3970 contraria.
3037 3936 3155 3949 —
3204 3887 3426 3974 Alte-

779 4078 956 4133 rum
1022 4048 1173 4133 Dei
1238 4054 1358 4133 est
1423 4046 1501 4129 in
1569 4044 1799 4131 terris
1863 4073 2223 4155 regnum,
2291 4073 2477 4129 vera
2540 4045 2842 4130 scilicet
2904 4048 3090 4132 Iesu
3135 4046 3429 4134 Christi

782 4211 1162 4316 Ecclesia,
1233 4211 1359 4296 cui
1425 4210 1560 4320 qui
1625 4209 1899 4295 volunt
1953 4238 2050 4294 ex
2095 4208 2353 4295 animo
2421 4216 2500 4295 et
2566 4210 3121 4296 convenienter
3164 4215 3262 4295 ad
3307 4242 3429 4296 sa-

786 4373 1033 4457 lutem
1097 4372 1685 4473 adhaerescere,
1751 4399 2076 4456 necesse
2142 4377 2263 4455 est
2327 4371 2499 4455 Deo
2566 4377 2647 4455 et
2721 4371 3152 4481 Unigenito
3228 4372 3433 4458 Filio

796 4532 965 4618 eius
1029 4539 1195 4617 tota
1258 4537 1525 4616 mente
1570 4561 1661 4615 ac
1705 4558 2012 4613 summa
2053 4528 2458 4614 voluntate
2523 4529 2850 4614 servire:
2917 4529 3252 4614 alterum
3297 4531 3436 4618 Sa-

793 4699 1022 4777 tanae
1088 4699 1208 4777 est
1272 4719 1632 4801 regnum,
1701 4688 1922 4774 cuius
1986 4688 2068 4772 in
2120 4688 2416 4773 ditione
2462 4695 2541 4773 et
2583 4694 2972 4799 potestate
3037 4698 3222 4776 sunt
3264 4691 3439 4802 qui-

795 4882 1132 4963 cumque
1196 4855 1508 4938 funesta
1571 4849 1795 4936 ducis
1838 4849 1961 4934 sui
2006 4854 2086 4935 et
2128 4848 2560 4960 primorum
2623 4857 3040 4959 parentum
3084 4851 3445 4962 exempla

795 5014 1071 5117 secuti,
1136 5043 1413 5125 parere
1478 5012 1784 5098 divinae
1850 5018 2374 5121 aeternaeque
2428 5010 2592 5122 legi
2634 5020 3024 5115 recusant,
3072 5019 3153 5099 et
3196 5014 3447 5099 multa

796 5173 1247 5286 posthabito
1312 5174 1508 5277 Deo,
1575 5171 1825 5255 multa
1889 5176 2161 5255 contra
2224 5170 2487 5255 Deum
2553 5172 3061 5255 contendunt.
3132 5171 3447 5282 Duplex

800 5333 951 5420 hoc
1014 5363 1375 5445 regnum,
1424 5336 1774 5437 *duarum
1848 5330 2095 5414 instar
2182 5328 2588 5414 civitatum
2654 5329 3061 5414 contrariis
3134 5331 3448 5442 legibus
