4497 6714
3196 845 3347 923 199

843 1021 1157 1106 virtutis
1222 1023 1624 1133 specimen
1668 1021 2286 1133 haudquaquam
2330 1024 2616 1109 mirum
2660 1024 2945 1110 accidit
3009 1027 3277 1131 Nobis,
3315 1056 3496 1111 cum

842 1182 1198 1292 pluribus
1265 1187 1362 1268 ab
1408 1185 1631 1269 :mnis
1677 1193 1848 1269 tum
1912 1185 2279 1296 egregias
2323 1187 2439 1270 tui
2484 1186 2724 1271 animi
2767 1187 3038 1273 laudes
3105 1194 3496 1298 spectatas

843 1344 1158 1454 penitus
1240 1353 1319 1430 et
1386 1345 1743 1456 cognitas
1791 1346 2250 1449 habeamuS,
2317 1354 2488 1430 tum
2554 1347 2925 1432 salutaria
3002 1377 3202 1457 quae
3268 1377 3496 1458 prae-

843 1505 1112 1589 stitisti
1197 1535 1435 1616 opera
1499 1513 1586 1590 ut
1669 1506 1943 1592 crediti
2011 1506 2155 1591 tibi
2242 1508 2513 1619 gregis
2611 1507 2932 1592 utilitati
3018 1509 3490 1594 consuleres,

840 1666 1049 1751 Hinc
1096 1674 1238 1771 est,
1275 1667 1765 1753 Venerabilis
1818 1669 2123 1770 Frater,
2194 1670 2403 1777 quod
2447 1670 2635 1752 dum
2702 1698 2801 1753 ex
2865 1699 3022 1753 una
3085 1676 3308 1780 parte
3374 1669 3492 1752 di-

837 1826 1291 1913 missionem
1355 1835 1572 1912 tuam
1615 1827 1842 1913 istius
1907 1829 2386 1914 Basileensis
2430 1829 2637 1914 sedis
2705 1829 3135 1941 excipimus
3199 1837 3488 1915 ratam-

838 2014 991 2095 que
1055 1984 1440 2071 habemus
1485 1988 1712 2072 unice
1779 1994 2225 2098 spectantes
2271 1995 2360 2072 ut
2424 1988 2637 2098 pacis
2703 1990 3004 2072 fructus
3051 1988 3178 2072 isti
3215 1988 3488 2073 Domi-

837 2148 1059 2234 nicae
1124 2149 1399 2235 vineae
1466 2148 1670 2260 parti
1735 2149 2081 2234 redditos
2146 2150 2576 2253 videamUS,
2635 2179 2732 2236 ex
2797 2150 3044 2235 altera
3111 2179 3290 2234 cum
3356 2179 3488 2236 ae-

836 2338 991 2419 quo
1059 2311 1317 2395 animo
1401 2314 1604 2397 ferre
1672 2339 1830 2395 non
1894 2310 2283 2422 possimus
2345 2318 2434 2395 ut
2501 2310 2907 2395 Catholica
2983 2310 3340 2396 Ecclesia
3409 2310 3490 2393 in

838 2471 986 2556 ista
1050 2473 1464 2559 Helvetica
1508 2472 1832 2584 regione
1898 2482 2081 2559 tuae
2139 2502 2423 2585 operae
2469 2473 2810 2559 utilitate
2857 2474 3230 2585 privetur,
3279 2473 3492 2557 aliud

835 2635 978 2719 tibi
1025 2665 1312 2721 munus
1356 2636 1618 2747 gravis
1685 2639 1889 2746 apud
1955 2637 2117 2721 Nos
2163 2637 2542 2722 momenti
2607 2638 3239 2722 demandandum
3305 2665 3488 2721 cen-

837 2796 1138 2880 suimus
1175 2863 1193 2899 ,
1281 2804 1370 2881 ut
1436 2826 1719 2909 nempe
1806 2797 2237 2908 Apostolici
2321 2796 2996 2882 Administratoris
3080 2796 3311 2882 titulo
3399 2827 3490 2883 ac

837 2956 1004 3042 iure
1064 2957 1424 3042 fidelibus
1486 2957 1689 3068 Pagi
1735 2957 2168 3043 Ticinensis
2234 2957 2605 3068 regendis
2669 2964 2844 3041 tuas
2890 2986 3116 3041 curas
3180 2956 3485 3067 impen-

839 3119 1001 3200 das.
1070 3118 1166 3199 In
1208 3115 1362 3201 hoc
1427 3147 1627 3203 novo
1674 3118 1807 3228 qui
1859 3126 2078 3229 patet
2141 3126 2325 3204 tuae
2372 3148 2637 3205 sacrae
2704 3119 3233 3230 procurationi
3281 3149 3491 3205 cam-

839 3306 962 3390 pO,
1031 3279 1317 3366 eximia
1380 3280 1672 3392 pietate
1740 3280 1939 3367 filios
1995 3281 2350 3367 invenies
2415 3281 2573 3366 tuis
2639 3283 3168 3392 obsequentes
3232 3281 3489 3386 iussiS,

836 3437 1188 3525 invenies
1252 3448 1670 3551 surgentes
1746 3440 2052 3552 piarum
2136 3441 2721 3527 institutionum
2802 3449 3119 3553 segetes
3202 3443 3488 3553 quibus

840 3602 1139 3687 alendis
1224 3605 1765 3715 augendisque
1850 3604 2126 3690 sollcrs
2213 3634 2304 3689 ac
2382 3635 2581 3690 nava
2664 3604 3105 3690 sollicitudo
3171 3608 3494 3690 accedat

840 3770 1149 3873 oportet
1190 3761 1587 3848 Antistitis
1650 3764 2004 3849 doctrina
2047 3771 2128 3849 et
2190 3793 2458 3850 rerum
2502 3794 2651 3849 usu
2696 3764 3190 3874 praestantis,
3237 3764 3490 3875 iisque

838 3924 1315 4010 ornamentis
1359 3925 1692 4035 praediti
1739 3927 2026 4036 quibus
2100 3934 2179 4012 te
2224 3926 2487 4012 divino
2531 3955 2857 4012 munere
2906 3934 3270 4011 ornatum
3315 3955 3488 4012 esse

839 4084 1409 4194 cognoscimus,
1478 4087 1602 4169 Ita
1676 4088 1948 4169 datum
1992 4085 2135 4170 tibi
2204 4086 2354 4171 erit
2388 4086 2792 4173 Ecclesiae
2841 4094 2921 4172 et
2967 4087 3252 4171 illustri
3305 4094 3490 4172 tuae

839 4245 1178 4349 Patriae,
1216 4245 1419 4331 sicut
1481 4244 1867 4333 hactenus
1932 4247 2210 4352 fecisti,
2258 4248 2337 4331 in
2396 4256 2799 4359 posterum
2867 4248 3106 4333 etiam
3172 4276 3491 4359 operam

840 4413 1058 4491 tuam
1124 4407 1518 4517 sapienter
1581 4410 2141 4519 fructuoseque
2208 4439 2521 4494 navare.

1029 4567 1198 4670 Quo
1262 4596 1447 4653 vcro
1533 4568 1929 4679 peculiare
1996 4599 2087 4654 ac
2151 4570 2522 4655 meritum
2586 4569 2730 4654 tibi
2794 4569 3084 4681 pignus
3146 4573 3490 4656 benevo-

838 4726 1125 4813 lentiae
1190 4729 1524 4814 Nostrae
1590 4732 2131 4841 praebeamus,
2191 4738 2272 4816 te
2338 4731 2420 4816 in
2483 4732 3194 4842 praeclarissimum
3261 4734 3487 4819 Ordi-

834 4916 1020 4973 nem
1082 4888 1557 4974 Pontificum
1601 4890 1988 4975 Maiorum
2055 4900 2421 5002 cooptare
2488 4901 2567 4978 et
2610 4893 3139 4981 Damiatensis
3202 4894 3482 4980 Eccle-

836 5047 996 5134 siae
1061 5048 1292 5135 titulo
1358 5049 1778 5137 honestare
1855 5052 2371 5155 decrevimuS,
2442 5054 2576 5162 qui
2642 5054 2921 5140 titulus
2985 5055 3232 5141 Nobis
3296 5055 3484 5141 olim

836 5238 881 5292 a
945 5209 1073 5294 fel.
1145 5238 1297 5294 rec.
1368 5211 1757 5322 Gregorio
1824 5213 2013 5298 XVI
2077 5213 2514 5300 Decessore
2580 5215 2870 5301 Nostro
2937 5216 3244 5301 delatus
3301 5245 3482 5300 cum

837 5368 1214 5480 Belgicae
1278 5370 1699 5480 legationis
1786 5402 2072 5456 munus
2155 5375 2319 5460 Nos
2386 5374 2602 5460 obire
2683 5376 2967 5470 voluit,
3037 5377 3483 5462 carissimus
