4497 6714
3189 790 3292 869 35

790 960 1140 1047 stabilire
1207 964 1554 1073 quotidie
1619 967 1917 1051 firmius
1983 997 2110 1053 res
2174 998 2358 1054 suas
2423 970 2876 1074 moliuntur,
2954 972 3216 1057 omnia
3291 970 3442 1057 cir-

794 1122 1397 1233 cumspicientes
1465 1129 1973 1235 quamobrem
2037 1127 2207 1213 iure
2286 1128 2579 1239 optimo
2663 1130 3442 1241 incommutabilique

795 1282 1287 1390 possessione
1355 1285 1798 1370 consedisse
1863 1287 1944 1369 in
2010 1288 2225 1373 Urbe
2290 1288 2761 1374 iudicentur.
2846 1290 3028 1376 Huc
3104 1289 3448 1401 pertinet

793 1448 1064 1525 eorum
1128 1442 1210 1526 in
1274 1448 1583 1555 agendo
1670 1446 2160 1531 considerata
2248 1448 2705 1533 dexteritas:
2784 1477 3049 1533 rerum
3113 1454 3443 1534 eventus

793 1629 936 1711 per
1002 1602 1416 1714 dispositas
1484 1634 1796 1690 caussas
1861 1606 2245 1716 apparati:
2314 1606 2676 1717 captatio,
2742 1606 2977 1709 domi,
3052 1606 3450 1729 popularis

794 1791 1068 1848 aurae:
1138 1765 1493 1874 quaesita
1557 1765 1743 1851 foris
1799 1740 2293 1853 voluntatum
2336 1768 2723 1853 assensio:
2791 1796 3062 1854 omnes
3104 1768 3446 1879 denique

794 1931 1028 2026 arteS,
1113 1954 1314 2035 quae
1393 1930 1491 2010 ad
1569 1926 2073 2013 obtinendam
2161 1932 2930 2040 conservandamque
3013 1931 3449 2041 potentiam

794 2088 1165 2196 prodesse
1231 2086 1668 2171 videantur.
1739 2087 2123 2191 Quoniam
2191 2088 2438 2199 igitur
2514 2089 2918 2175 Ecclesiae
2991 2089 3450 2200 romanique

794 2246 1312 2333 Pontificatus
1378 2248 1721 2335 rationes
1787 2256 2081 2359 quanto
2144 2250 2401 2361 magis
2466 2250 2581 2333 illi
2646 2254 3154 2362 pessumdare
3229 2250 3450 2336 adni-

795 2416 1094 2514 tuntur,
1161 2416 1381 2496 tanto
1446 2412 1609 2496 Nos
1675 2411 2100 2496 studiosius
2167 2440 2629 2498 conservare
2695 2413 3099 2517 debemuS,
3158 2411 3449 2499 idcirco

796 2570 1177 2656 hodierna
1258 2571 1383 2657 die
1458 2572 1540 2656 in
1616 2570 1766 2656 hoc
1841 2572 2321 2683 amplissimo
2401 2548 2773 2660 consessu
2857 2580 3116 2659 vestro
3193 2576 3451 2660 denuo

798 2731 1334 2842 improbamus
1400 2736 2019 2842 damnamusque
2088 2737 2639 2843 quodcumque
2706 2740 2827 2818 est
2892 2761 3071 2818 cum
3114 2732 3453 2844 Aposto-

796 2893 996 2978 licae
1063 2892 1285 2980 Sedis
1350 2892 1635 2976 iniuria
1698 2899 1985 2994 actum,
2054 2892 2404 3003 itemque
2479 2899 2886 2996 testamur,
2965 2893 3226 2978 omnia
3290 2893 3452 2979 Nos

798 3053 972 3138 iura
1037 3053 1206 3139 eius
1273 3082 1369 3139 ex
1433 3053 1747 3164 integro
1814 3060 1893 3138 et
1957 3052 2036 3136 in
2103 3060 2576 3164 perpetuum
2641 3051 2853 3138 salva
2897 3051 3124 3139 velle.
3171 3053 3452 3163 Neque

796 3242 983 3300 vero
1049 3219 1186 3298 aut
1248 3214 1478 3325 regni
1545 3214 1996 3324 cupiditate,
2064 3222 2200 3299 aut
2264 3243 2529 3300 rerum
2612 3213 3134 3298 humanarum
3211 3242 3452 3325 appe-

799 3348 1047 3461 tentia
1111 3376 1495 3479 ducimur,
1563 3379 1774 3486 quod
1837 3376 2190 3461 nonnulli
2255 3375 2548 3487 insigni
2612 3375 2948 3460 stultitia
3001 3381 3239 3486 atque
3302 3374 3451 3459 im-

795 3537 1172 3647 pudentia
1250 3537 1420 3648 pari
1498 3536 2041 3622 criminantur:
2126 3539 2267 3622 sed
2340 3536 2817 3623 conscientia
2898 3564 3451 3647 permovemur

801 3699 1056 3802 officii,
1124 3704 1205 3784 et
1268 3697 1769 3782 iurisiurandi
1833 3697 2242 3808 religione,
2311 3706 2392 3783 et
2456 3697 2644 3808 ipsis
2709 3696 3089 3808 exemplis
3154 3698 3451 3782 Deces-

800 3889 1067 3947 sorum
1131 3860 1599 3944 Nostrorum
1664 3886 2097 3968 eorumque
2162 3859 2453 3944 virtute
2521 3865 2602 3943 et
2664 3857 3078 3943 sanctitate
3123 3883 3453 3968 magno-

799 4051 1000 4124 rum,
1039 4019 1173 4131 qui
1237 4048 1379 4131 pro
1447 4021 1978 4105 conservando
2034 4019 2479 4130 principatu
2522 4018 2753 4122 civili,
2799 4020 3452 4128 quandocumque

684 4297 693 4302 x
800 4187 1162 4293 oportere
1227 4180 1484 4265 visum
1548 4186 1691 4281 est,
1760 4209 2066 4263 summa
2129 4178 2590 4265 fortitudine
2676 4177 3268 4287 constantiaque
3333 4175 3452 4262 di·-

797 4342 1309 4427 micaverunt.
1378 4342 1471 4423 In
1540 4366 1695 4450 quo
1762 4339 2081 4450 quidem
2145 4339 2615 4450 principatu,
2683 4346 2996 4448 praeter
3058 4336 3455 4448 legitimas

800 4531 1114 4590 caussas
1178 4499 1611 4610 titulosque
1679 4500 2049 4611 egregios
2116 4508 2196 4586 et
2261 4499 2541 4602 variOS,
2608 4499 2815 4585 inest
2879 4498 3307 4583 similitudo
3374 4505 3456 4586 et

797 4667 1048 4751 forma
1115 4663 1500 4771 quaedam
1564 4688 1806 4762 sacra,
1874 4658 2022 4744 sibi
2086 4658 2427 4770 propria,
2495 4685 2641 4743 nec
2721 4686 2900 4741 cum
2985 4656 3148 4742 ulla
3217 4685 3454 4769 repu-

794 4828 1003 4913 blica
1067 4822 1527 4924 communiS,
1593 4829 2009 4933 propterea
2053 4821 2265 4930 quod
2307 4848 2666 4905 securam
2710 4825 2790 4904 et
2832 4817 3198 4904 stabilem
3263 4846 3452 4904 con-

795 4988 997 5075 tinet
1061 4984 1558 5097 Apostolicae
1627 4982 1849 5070 Sedis
1913 4982 1994 5066 in
2061 4983 2500 5068 exercendo
2564 4986 2905 5091 augusto
2949 4976 3451 5086 maximoque

799 5177 1127 5236 munere
1192 5147 1662 5232 libertatem.
1732 5146 1984 5230 Nemo
2051 5151 2173 5229 est
2238 5142 2449 5229 enim
2516 5141 2705 5251 quin
2749 5139 2970 5242 sciat,
3016 5138 3096 5223 id
3138 5167 3452 5250 semper

797 5307 1314 5396 Pontificibus
1378 5304 1838 5391 usuvenisse
1905 5311 2017 5406 ut,
2101 5302 2388 5389 amisso
2471 5300 2799 5412 imperio
2867 5300 3099 5404 civili,
3164 5299 3246 5384 in
3310 5302 3450 5386 de-
