4497 6714
1184 713 1285 791 50

1032 899 1451 1010 loquimur,
1501 927 1678 983 cum
1723 894 2021 980 iustitia
2087 901 2166 980 et
2230 895 2566 979 naturali
2609 894 3025 981 honestate
3070 923 3450 1006 pugnare,
3486 894 3684 979 ratio

1038 1068 1117 1147 et
1180 1059 1468 1144 veritas
1533 1056 1701 1166 ipsa
1766 1054 2179 1141 convincit.

1222 1221 1340 1302 Eo
1405 1217 1531 1302 vel
1595 1214 1874 1326 magiS‚
1944 1217 2154 1324 quod
2218 1214 2465 1325 ipsius
2525 1221 2885 1299 naturam
2929 1218 3027 1298 ab
3071 1214 3487 1301 honestate
3532 1214 3691 1298 dis-

1039 1379 1427 1464 sidentem
1493 1376 1644 1459 alia
1708 1402 2024 1484 quoque
2107 1382 2579 1486 argumenta
2657 1378 3090 1484 eademque
3170 1375 3506 1460 illustria
3567 1406 3694 1461 rc-

1041 1544 1463 1652 darguunt.
1502 1539 1614 1624 Ut
1681 1536 1892 1621 enim
1955 1565 2248 1647 magna
2294 1537 2395 1621 sit
2437 1538 2516 1621 in
2560 1536 3011 1623 hominibus
3057 1538 3347 1623 astutia
3391 1539 3695 1625 celandi

1043 1703 1683 1809 consuetudoque
1749 1696 2204 1800 mentiendi,
2274 1697 2442 1782 fieri
2507 1704 2773 1783 tamen
2839 1725 2995 1782 non
3048 1706 3331 1808 potest,
3366 1706 3457 1783 ut
3498 1728 3694 1782 una-

1045 1890 1404 1973 quaeque
1472 1889 1747 1945 caussa
1813 1887 1911 1944 ex
1975 1858 2071 1942 iis
2136 1859 2398 1961 rebuS,
2468 1886 2801 1967 quarum
2868 1888 3144 1943 caussa
3221 1867 3363 1963 est,
3444 1860 3697 1970 qualis

1046 2024 1128 2108 in
1192 2052 1277 2108 se
1342 2023 1446 2106 sit
1508 2050 1665 2107 non
1731 2022 1997 2132 aliqua
2059 2021 2364 2107 ratione
2450 2028 2844 2131 appareat.
2934 2026 3106 2109 Non
3164 2030 3415 2136 potest
3473 2027 3702 2110 arbor

1046 2190 1234 2273 bona
1296 2190 1530 2271 modos
1588 2185 1908 2296 fruct-us
1955 2185 2225 2296 facere
2238 2218 2271 2287 ,·
2352 2218 2576 2298 neque
2640 2189 2868 2272 arbor
2946 2190 3148 2285 mala
3225 2190 3445 2273 bonos
3505 2188 3701 2299 fru-

1048 2355 1208 2436 ctus
1252 2349 1524 2460 facere
1569 2337 1620 2430 ¹.
1690 2346 2032 2429 Fructus
2099 2352 2365 2431 autem
2431 2352 2646 2431 secta
2711 2347 3163 2431 Massonum
3226 2347 3704 2457 perniciosos

1049 2508 1314 2620 gignit
1378 2506 1875 2615 maximaque
1943 2506 2371 2591 acerbitate
2437 2506 2889 2616 permixtos,
2945 2507 3148 2591 Nam
3200 2536 3298 2593 ex
3364 2508 3706 2593 certissi-

1052 2669 1202 2753 mis
1267 2667 1597 2770 indiciis‚
1666 2696 1868 2777 quae
1935 2697 2170 2778 supra
2236 2668 3044 2771 commen1oravimuS‚
3095 2669 3435 2780 erumpit
3488 2669 3706 2772 illud,

1060 2830 1269 2937 quod
1336 2834 1458 2913 est
1524 2825 2025 2912 consiliorum
2111 2856 2432 2913 suorum
2518 2828 2910 2932 ultimum,
2978 2829 3280 2915 scilicet
3357 2837 3709 2917 evertere

1055 2989 1408 3081 funditus
1472 3017 1786 3075 omnem
1852 3017 2050 3087 eam,
2117 3018 2354 3099 quam
2436 2989 2796 3074 instituta
2885 2990 3310 3076 christiana
3382 3021 3711 3103 pepere-

1057 3159 1295 3255 runt,
1375 3150 1868 3262 disciplinam
1930 3150 2340 3261 religionis
2415 3150 2688 3260 reique
2771 3151 3134 3261 publicae
3170 3218 3188 3254 ‚
3268 3181 3712 3274 novamque

1056 3317 1157 3400 ad
1219 3312 1630 3425 ingenium
1696 3342 1927 3397 suum
1993 3319 2383 3416 extruere,
2450 3312 2706 3399 ductis
2773 3342 2816 3400 e
2884 3312 3144 3401 medio
3199 3318 3715 3405 Nabm·al223mo

1056 3475 1590 3561 fundamentis
1658 3482 1738 3561 et
1800 3474 2141 3586 legibus.

1245 3636 1492 3738 Haec,
1562 3664 1763 3745 quae
1828 3634 2167 3719 diximus
2232 3641 2369 3719 aut
2433 3635 2716 3719 dicturi
2763 3663 3059 3738 sumus,
3108 3637 3205 3720 de
3251 3641 3469 3720 secta
3511 3636 3719 3718 Mas-

1058 3798 1325 3884 sonica
1378 3796 1719 3909 intelligi
1766 3803 2077 3907 oportet
2122 3802 2475 3907 spectata
2518 3796 2597 3879 in
2644 3825 2941 3907 genere
2990 3824 3156 3901 su0‚
3205 3803 3286 3882 et
3332 3803 3718 3906 quatenus

1060 3958 1208 4043 sibi
1276 3964 1652 4068 cognatas
1715 3959 2313 4065 foederatasque
2399 3956 2950 4065 complectitur
3036 3956 3495 4041 societates:
3564 3985 3719 4042 non

1063 4125 1331 4203 autem
1396 4120 1494 4203 de
1560 4116 2082 4203 sectatoribus
2147 4145 2420 4202 earum
2464 4116 2825 4228 singulis,
2876 4118 2970 4199 In
3016 4143 3351 4226 quorum
3396 4145 3722 4203 numero

1062 4277 1341 4388 utique
1406 4284 1737 4388 possunt
1802 4307 1999 4379 esse,
2088 4306 2236 4363 nec
2301 4277 2556 4388 pauci,
2637 4277 2772 4387 qui
2854 4278 3212 4387 quamvis
3279 4278 3506 4389 culpa
3569 4306 3726 4363 non

1064 4446 1381 4527 careant
1414 4441 1625 4549 quod
1665 4467 1839 4525 sese
1883 4438 2110 4523 istius
2144 4438 2356 4523 modi
2419 4438 2949 4548 implicuerint
3014 4439 3544 4543 societatibuS‚
3605 4447 3724 4524 ta-

1064 4630 1248 4688 men
1312 4629 1460 4686 nec
1525 4600 1682 4684 sint
1745 4599 2133 4711 flagitiose
2221 4601 2608 4684 factorum
2674 4626 2814 4709 per
2905 4625 2991 4683 se
3076 4597 3223 4708 ipsi
3280 4599 3724 4710 participeS,

1068 4768 1150 4849 et
1212 4761 1408 4845 illud
1471 4760 1840 4845 ultimum
1929 4760 2300 4872 ignorent
2387 4763 2597 4870 quod
2682 4759 2864 4844 illae
2931 4758 3293 4844 nituntur
3377 4759 3724 4870 adipisci.

1071 4922 1446 5010 Similiter
1511 4950 1610 5007 ex
1676 4921 2384 5007 consociationibus
2449 4920 2639 5032 ipsis
2703 4920 3129 5006 nonnullae
3193 4922 3523 5006 sortasse
3588 4949 3729 5006 ne-

1239 5275 1254 5315 ¹
1306 5269 1540 5335 Matth.
1591 5291 1708 5354 vn,
1762 5270 1863 5335 18.
