<?xml version="1.0" encoding="UTF-8"?>
<!DOCTYPE html PUBLIC "-//W3C//DTD XHTML 1.0 Transitional//EN"
    "http://www.w3.org/TR/xhtml1/DTD/xhtml1-transitional.dtd">
<html xmlns="http://www.w3.org/1999/xhtml" xml:lang="en" lang="en">
 <head>
  <title>
</title>
<meta http-equiv="Content-Type" content="text/html;charset=utf-8" />
  <meta name='ocr-system' content='tesseract 3.04.00' />
  <meta name='ocr-capabilities' content='ocr_page ocr_carea ocr_par ocr_line ocrx_word'/>
</head>
<body>
  <div class='ocr_page' id='page_1' title='image "./leonisxiiiponti00churgoog_0041.png"; bbox 0 0 4497 6714; ppageno 0'>
   <div class='ocr_carea' id='block_1_1' title="bbox 3089 792 3195 870">
    <p class='ocr_par' dir='ltr' id='par_1_1' title="bbox 3089 792 3195 870">
     <span class='ocr_line' id='line_1_1' title="bbox 3089 792 3195 870; baseline 0.009 -1"><span class='ocrx_word' id='word_1_1' title='bbox 3089 792 3195 870; x_wconf 78' lang='lat'>29</span> 
     </span>
    </p>
   </div>
   <div class='ocr_carea' id='block_1_2' title="bbox 1169 1136 2875 1265">
    <p class='ocr_par' dir='ltr' id='par_1_2' title="bbox 1169 1136 2875 1265">
     <span class='ocr_line' id='line_1_2' title="bbox 1169 1136 2875 1265; baseline 0 -2"><span class='ocrx_word' id='word_1_2' title='bbox 1169 1136 1853 1264; x_wconf 85' lang='lat' dir='ltr'><strong>LITTERAE</strong></span> <span class='ocrx_word' id='word_1_3' title='bbox 1942 1136 2875 1265; x_wconf 83' lang='lat' dir='ltr'><strong>APOSTOLIOAE</strong></span> 
     </span>
    </p>
   </div>
   <div class='ocr_carea' id='block_1_3' title="bbox 695 1498 3348 1880">
    <p class='ocr_par' dir='ltr' id='par_1_3' title="bbox 695 1498 3348 1880">
     <span class='ocr_line' id='line_1_3' title="bbox 1042 1498 2998 1568; baseline 0.002 -12"><span class='ocrx_word' id='word_1_4' title='bbox 1042 1499 1318 1568; x_wconf 84' lang='lat' dir='ltr'>QUIBUS</span> <span class='ocrx_word' id='word_1_5' title='bbox 1385 1498 1889 1556; x_wconf 81' lang='lat' dir='ltr'><strong>APOSTOLICUS</strong></span> <span class='ocrx_word' id='word_1_6' title='bbox 1953 1498 2405 1556; x_wconf 85' lang='lat' dir='ltr'><strong>VICARIATUS</strong></span> <span class='ocrx_word' id='word_1_7' title='bbox 2469 1500 2998 1560; x_wconf 86' lang='lat' dir='ltr'><strong>MONTANENSIS</strong></span> 
     </span>
     <span class='ocr_line' id='line_1_4' title="bbox 695 1660 3348 1723; baseline 0.002 -8"><span class='ocrx_word' id='word_1_8' title='bbox 695 1661 777 1715; x_wconf 91' lang='lat' dir='ltr'>IN</span> <span class='ocrx_word' id='word_1_9' title='bbox 833 1660 1302 1717; x_wconf 85' lang='lat' dir='ltr'><strong>FOEDERATIS</strong></span> <span class='ocrx_word' id='word_1_10' title='bbox 1358 1661 1744 1718; x_wconf 83' lang='lat' dir='ltr'><strong>AMERICAE</strong></span> <span class='ocrx_word' id='word_1_11' title='bbox 1802 1664 2488 1720; x_wconf 84' lang='lat' dir='ltr'><strong>SEPTENTRIONALIS</strong></span> <span class='ocrx_word' id='word_1_12' title='bbox 2543 1664 2983 1723; x_wconf 88' lang='lat' dir='ltr'><strong>DITIONIBUS</strong></span> <span class='ocrx_word' id='word_1_13' title='bbox 3039 1665 3348 1723; x_wconf 88' lang='lat' dir='ltr'><strong>POSITUS</strong></span> 
     </span>
     <span class='ocr_line' id='line_1_5' title="bbox 1418 1821 2617 1880; baseline 0.002 -3"><span class='ocrx_word' id='word_1_14' title='bbox 1418 1822 1502 1877; x_wconf 90' lang='lat' dir='ltr'>IN</span> <span class='ocrx_word' id='word_1_15' title='bbox 1566 1821 1977 1879; x_wconf 86' lang='lat' dir='ltr'><strong>DIOECESIM</strong></span> <span class='ocrx_word' id='word_1_16' title='bbox 2041 1822 2617 1880; x_wconf 83' lang='lat' dir='ltr'><strong>CONSTITUITUR.</strong></span> 
     </span>
    </p>
   </div>
   <div class='ocr_carea' id='block_1_4' title="bbox 1575 2304 2457 2403">
    <p class='ocr_par' dir='ltr' id='par_1_4' title="bbox 1575 2288 2457 2403">
     <span class='ocr_line' id='line_1_6' title="bbox 1575 2304 2457 2403; baseline 0.005 -4"><span class='ocrx_word' id='word_1_17' title='bbox 1575 2304 1836 2400; x_wconf 89' lang='lat' dir='ltr'>LEO</span> <span class='ocrx_word' id='word_1_18' title='bbox 1905 2306 2103 2401; x_wconf 89' lang='grc' dir='ltr'>ΡΡ.</span> <span class='ocrx_word' id='word_1_19' title='bbox 2170 2305 2457 2403; x_wconf 86' lang='lat' dir='ltr'><strong>XIII.</strong></span> 
     </span>
    </p>
   </div>
   <div class='ocr_carea' id='block_1_5' title="bbox 1412 2677 2631 2737">
    <p class='ocr_par' dir='ltr' id='par_1_5' title="bbox 1412 2677 2631 2737">
     <span class='ocr_line' id='line_1_7' title="bbox 1412 2677 2631 2737; baseline 0.004 -5"><span class='ocrx_word' id='word_1_20' title='bbox 1412 2677 1512 2733; x_wconf 90' lang='lat' dir='ltr'>AD</span> <span class='ocrx_word' id='word_1_21' title='bbox 1578 2678 1942 2736; x_wconf 81' lang='lat' dir='ltr'>FUTURAM</span> <span class='ocrx_word' id='word_1_22' title='bbox 2005 2681 2134 2736; x_wconf 89' lang='lat' dir='ltr'>REI</span> <span class='ocrx_word' id='word_1_23' title='bbox 2198 2680 2631 2737; x_wconf 83' lang='lat' dir='ltr'><strong>MEMORIAM.</strong></span> 
     </span>
    </p>
   </div>
   <div class='ocr_carea' id='block_1_6' title="bbox 711 2992 3351 3175">
    <p class='ocr_par' dir='ltr' id='par_1_6' title="bbox 711 2992 3351 3175">
     <span class='ocr_line' id='line_1_8' title="bbox 711 2992 3351 3175; baseline 0.004 -37"><span class='ocrx_word' id='word_1_24' title='bbox 711 2992 807 3138; x_wconf 83' lang='lat' dir='ltr'>P</span> <span class='ocrx_word' id='word_1_25' title='bbox 808 3088 1170 3145; x_wconf 89' lang='lat' dir='ltr'>ersonam</span> <span class='ocrx_word' id='word_1_26' title='bbox 1234 3059 1688 3145; x_wconf 76' lang='lat' dir='ltr'>Beatissimi</span> <span class='ocrx_word' id='word_1_27' title='bbox 1752 3061 1971 3147; x_wconf 85' lang='lat' dir='ltr'>Petri</span> <span class='ocrx_word' id='word_1_28' title='bbox 2036 3054 2424 3172; x_wconf 90' lang='lat' dir='ltr'>Principis</span> <span class='ocrx_word' id='word_1_29' title='bbox 2479 3062 3059 3175; x_wconf 78' lang='lat' dir='ltr'>Apostolorum,</span> <span class='ocrx_word' id='word_1_30' title='bbox 3113 3065 3351 3150; x_wconf 89' lang='lat' dir='ltr'>nullis</span> 
     </span>
    </p>
   </div>
   <div class='ocr_carea' id='block_1_7' title="bbox 626 3222 3370 5424">
    <p class='ocr_par' dir='ltr' id='par_1_7' title="bbox 698 3222 3370 5424">
     <span class='ocr_line' id='line_1_9' title="bbox 700 3222 3353 3339; baseline 0.003 -34"><span class='ocrx_word' id='word_1_31' title='bbox 700 3222 1019 3332; x_wconf 90' lang='lat' dir='ltr'>quidem</span> <span class='ocrx_word' id='word_1_32' title='bbox 1064 3222 1367 3307; x_wconf 86' lang='lat' dir='ltr'>meritis</span> <span class='ocrx_word' id='word_1_33' title='bbox 1411 3222 1742 3325; x_wconf 79' lang='lat' dir='ltr'>Nostris,</span> <span class='ocrx_word' id='word_1_34' title='bbox 1789 3232 2184 3335; x_wconf 80' lang='lat' dir='ltr'>gerenteS‚</span> <span class='ocrx_word' id='word_1_35' title='bbox 2232 3255 2330 3311; x_wconf 85' lang='lat' dir='ltr'>ex</span> <span class='ocrx_word' id='word_1_36' title='bbox 2376 3256 2743 3339; x_wconf 89' lang='lat' dir='ltr'>suprema</span> <span class='ocrx_word' id='word_1_37' title='bbox 2811 3228 3069 3315; x_wconf 90' lang='lat' dir='ltr'>eidem</span> <span class='ocrx_word' id='word_1_38' title='bbox 3110 3232 3353 3315; x_wconf 90' lang='lat' dir='ltr'>Petro</span> 
     </span>
     <span class='ocr_line' id='line_1_10' title="bbox 701 3385 3353 3502; baseline 0.003 -33"><span class='ocrx_word' id='word_1_39' title='bbox 701 3385 1074 3471; x_wconf 89' lang='lat' dir='ltr'>divinitus</span> <span class='ocrx_word' id='word_1_40' title='bbox 1141 3386 1428 3471; x_wconf 84' lang='lat' dir='ltr'>tradita</span> <span class='ocrx_word' id='word_1_41' title='bbox 1490 3394 1904 3497; x_wconf 72' lang='lat' dir='ltr'>potestate,</span> <span class='ocrx_word' id='word_1_42' title='bbox 1971 3417 2211 3474; x_wconf 86' lang='lat' dir='ltr'>novas</span> <span class='ocrx_word' id='word_1_43' title='bbox 2278 3390 2658 3501; x_wconf 82' lang='lat' dir='ltr'>erigimus</span> <span class='ocrx_word' id='word_1_44' title='bbox 2724 3392 3149 3494; x_wconf 79' lang='lat' dir='ltr'>dioeceseS‚</span> <span class='ocrx_word' id='word_1_45' title='bbox 3197 3420 3353 3502; x_wconf 92' lang='lat' dir='ltr'>quo</span> 
     </span>
     <span class='ocr_line' id='line_1_11' title="bbox 701 3545 3355 3664; baseline 0.004 -35"><span class='ocrx_word' id='word_1_46' title='bbox 701 3545 976 3629; x_wconf 87' lang='lat' dir='ltr'>utilius</span> <span class='ocrx_word' id='word_1_47' title='bbox 1044 3546 1524 3656; x_wconf 87' lang='lat' dir='ltr'>uberiusque</span> <span class='ocrx_word' id='word_1_48' title='bbox 1568 3575 1710 3657; x_wconf 91' lang='lat' dir='ltr'>per</span> <span class='ocrx_word' id='word_1_49' title='bbox 1752 3548 2181 3659; x_wconf 87' lang='lat' dir='ltr'>Episcopos</span> <span class='ocrx_word' id='word_1_50' title='bbox 2242 3549 2524 3636; x_wconf 89' lang='lat' dir='ltr'>iisdem</span> <span class='ocrx_word' id='word_1_51' title='bbox 2589 3551 3083 3637; x_wconf 83' lang='lat' dir='ltr'>dioecesibus</span> <span class='ocrx_word' id='word_1_52' title='bbox 3126 3581 3355 3664; x_wconf 87' lang='lat' dir='ltr'>prae-</span> 
     </span>
     <span class='ocr_line' id='line_1_12' title="bbox 698 3707 3356 3823; baseline 0.002 -30"><span class='ocrx_word' id='word_1_53' title='bbox 698 3707 1015 3817; x_wconf 82' lang='lat' dir='ltr'>positoS‚</span> <span class='ocrx_word' id='word_1_54' title='bbox 1109 3708 1458 3793; x_wconf 89' lang='lat' dir='ltr'>fidelium</span> <span class='ocrx_word' id='word_1_55' title='bbox 1542 3710 2146 3795; x_wconf 86' lang='lat' dir='ltr'>necessitatibus</span> <span class='ocrx_word' id='word_1_56' title='bbox 2257 3711 3103 3823; x_wconf 89' lang='lat' dir='ltr'>commoditatibusque</span> <span class='ocrx_word' id='word_1_57' title='bbox 3169 3742 3356 3799; x_wconf 91' lang='lat' dir='ltr'>con-</span> 
     </span>
     <span class='ocr_line' id='line_1_13' title="bbox 700 3849 3354 3980; baseline 0.003 -28"><span class='ocrx_word' id='word_1_58' title='bbox 700 3869 958 3953; x_wconf 90' lang='lat' dir='ltr'>sulere</span> <span class='ocrx_word' id='word_1_59' title='bbox 1021 3868 1434 3980; x_wconf 68' lang='lat' dir='ltr'>possimus</span> <span class='ocrx_word' id='word_1_60' title='bbox 1503 3868 1759 3955; x_wconf 87' lang='lat' dir='ltr'>Aucto</span> <span class='ocrx_word' id='word_1_61' title='bbox 1825 3849 1905 3956; x_wconf 91' lang='lat' dir='ltr'>et</span> <span class='ocrx_word' id='word_1_62' title='bbox 1971 3879 2375 3957; x_wconf 81' lang='lat' dir='ltr'>crescente</span> <span class='ocrx_word' id='word_1_63' title='bbox 2463 3871 2544 3956; x_wconf 88' lang='lat' dir='ltr'>in</span> <span class='ocrx_word' id='word_1_64' title='bbox 2630 3872 2796 3958; x_wconf 88' lang='lat' dir='ltr'>dies</span> <span class='ocrx_word' id='word_1_65' title='bbox 2865 3872 3354 3961; x_wconf 84' lang='lat' dir='ltr'>Christifide-</span> 
     </span>
     <span class='ocr_line' id='line_1_14' title="bbox 700 4026 3357 4139; baseline 0.003 -29"><span class='ocrx_word' id='word_1_66' title='bbox 700 4026 895 4111; x_wconf 89' lang='lat' dir='ltr'>lium</span> <span class='ocrx_word' id='word_1_67' title='bbox 959 4056 1288 4112; x_wconf 90' lang='lat' dir='ltr'>numero</span> <span class='ocrx_word' id='word_1_68' title='bbox 1354 4028 1435 4111; x_wconf 91' lang='lat' dir='ltr'>in</span> <span class='ocrx_word' id='word_1_69' title='bbox 1502 4028 1920 4127; x_wconf 84' lang='lat' dir='ltr'>territorio,</span> <span class='ocrx_word' id='word_1_70' title='bbox 1991 4032 2223 4139; x_wconf 81' lang='lat' dir='ltr'>quod,</span> <span class='ocrx_word' id='word_1_71' title='bbox 2291 4031 2373 4113; x_wconf 92' lang='lat' dir='ltr'>in</span> <span class='ocrx_word' id='word_1_72' title='bbox 2459 4030 2879 4116; x_wconf 87' lang='lat' dir='ltr'>foederatis</span> <span class='ocrx_word' id='word_1_73' title='bbox 2947 4031 3357 4119; x_wconf 86' lang='lat' dir='ltr'>Americae</span> 
     </span>
     <span class='ocr_line' id='line_1_15' title="bbox 704 4186 3360 4300; baseline 0.002 -28"><span class='ocrx_word' id='word_1_74' title='bbox 704 4186 1351 4297; x_wconf 83' lang='lat' dir='ltr'>Septentrionalis</span> <span class='ocrx_word' id='word_1_75' title='bbox 1396 4187 1825 4273; x_wconf 89' lang='lat' dir='ltr'>ditionibus</span> <span class='ocrx_word' id='word_1_76' title='bbox 1867 4189 2235 4299; x_wconf 82' lang='lat' dir='ltr'>positum,</span> <span class='ocrx_word' id='word_1_77' title='bbox 2284 4189 2592 4300; x_wconf 83' lang='lat' dir='ltr'>vulgari</span> <span class='ocrx_word' id='word_1_78' title='bbox 2658 4191 2975 4276; x_wconf 90' lang='lat' dir='ltr'>nomine</span> <span class='ocrx_word' id='word_1_79' title='bbox 3049 4227 3093 4269; x_wconf 93' lang='lat'>«</span> <span class='ocrx_word' id='word_1_80' title='bbox 3135 4194 3360 4277; x_wconf 92' lang='lat' dir='ltr'>Mon-</span> 
     </span>
     <span class='ocr_line' id='line_1_16' title="bbox 703 4347 3361 4461; baseline 0.003 -31"><span class='ocrx_word' id='word_1_81' title='bbox 703 4353 887 4431; x_wconf 85' lang='lat' dir='ltr'>tana</span> <span class='ocrx_word' id='word_1_82' title='bbox 926 4382 970 4423; x_wconf 91' lang='lat'>»</span> <span class='ocrx_word' id='word_1_83' title='bbox 1059 4347 1537 4457; x_wconf 84' lang='lat' dir='ltr'>appellatur,</span> <span class='ocrx_word' id='word_1_84' title='bbox 1626 4349 2154 4459; x_wconf 81' lang='lat' dir='ltr'>Oregonensis</span> <span class='ocrx_word' id='word_1_85' title='bbox 2208 4349 2689 4461; x_wconf 48' lang='lat' dir='ltr'>¹provinciae</span> <span class='ocrx_word' id='word_1_86' title='bbox 2779 4351 3361 4440; x_wconf 86' lang='lat' dir='ltr'>ecclesiasticae</span> 
     </span>
     <span class='ocr_line' id='line_1_17' title="bbox 703 4506 3353 4613; baseline 0.003 -20"><span class='ocrx_word' id='word_1_87' title='bbox 703 4506 1118 4593; x_wconf 83' lang='lat' dir='ltr'>Sacrorum</span> <span class='ocrx_word' id='word_1_88' title='bbox 1181 4506 1620 4611; x_wconf 79' lang='lat' dir='ltr'>Antistites‚</span> <span class='ocrx_word' id='word_1_89' title='bbox 1689 4509 1993 4594; x_wconf 86' lang='lat' dir='ltr'>collatis</span> <span class='ocrx_word' id='word_1_90' title='bbox 2059 4509 2429 4613; x_wconf 78' lang='lat' dir='ltr'>consiliis,</span> <span class='ocrx_word' id='word_1_91' title='bbox 2498 4510 2942 4596; x_wconf 87' lang='lat' dir='ltr'>iudicarunt</span> <span class='ocrx_word' id='word_1_92' title='bbox 3001 4542 3044 4599; x_wconf 95' lang='lat' dir='ltr'>e</span> <span class='ocrx_word' id='word_1_93' title='bbox 3089 4542 3175 4598; x_wconf 90' lang='lat' dir='ltr'>re</span> <span class='ocrx_word' id='word_1_94' title='bbox 3223 4543 3353 4600; x_wconf 88' lang='lat' dir='ltr'>ca-</span> 
     </span>
     <span class='ocr_line' id='line_1_18' title="bbox 706 4664 3363 4776; baseline 0.002 -25"><span class='ocrx_word' id='word_1_95' title='bbox 706 4664 1002 4753; x_wconf 89' lang='lat' dir='ltr'>tholica</span> <span class='ocrx_word' id='word_1_96' title='bbox 1066 4674 1147 4753; x_wconf 83' lang='lat' dir='ltr'>et</span> <span class='ocrx_word' id='word_1_97' title='bbox 1210 4667 1487 4753; x_wconf 89' lang='lat' dir='ltr'>maiori</span> <span class='ocrx_word' id='word_1_98' title='bbox 1574 4668 1889 4754; x_wconf 90' lang='lat' dir='ltr'>illorum</span> <span class='ocrx_word' id='word_1_99' title='bbox 1968 4669 2319 4755; x_wconf 90' lang='lat' dir='ltr'>fidelium</span> <span class='ocrx_word' id='word_1_100' title='bbox 2407 4670 2938 4757; x_wconf 88' lang='lat' dir='ltr'>emolumento</span> <span class='ocrx_word' id='word_1_101' title='bbox 3024 4673 3216 4776; x_wconf 82' lang='lat' dir='ltr'>fore,</span> <span class='ocrx_word' id='word_1_102' title='bbox 3297 4673 3363 4758; x_wconf 90' lang='lat' dir='ltr'>si</span> 
     </span>
     <span class='ocr_line' id='line_1_19' title="bbox 626 4825 3363 4937; baseline 0.003 -28.235"><span class='ocrx_word' id='word_1_103' title='bbox 626 4825 1204 4937; x_wconf 88' lang='lat' dir='ltr'>Apostolicus</span> <span class='ocrx_word' id='word_1_104' title='bbox 1268 4827 1705 4913; x_wconf 87' lang='lat' dir='ltr'>Vicariatus</span> <span class='ocrx_word' id='word_1_105' title='bbox 1788 4829 2327 4914; x_wconf 88' lang='lat' dir='ltr'>Montanensis</span> <span class='ocrx_word' id='word_1_106' title='bbox 2409 4830 2491 4914; x_wconf 92' lang='lat' dir='ltr'>in</span> <span class='ocrx_word' id='word_1_107' title='bbox 2566 4831 2992 4917; x_wconf 87' lang='lat' dir='ltr'>dioecesim</span> <span class='ocrx_word' id='word_1_108' title='bbox 3072 4832 3363 4918; x_wconf 85' lang='lat' dir='ltr'>consti-</span> 
     </span>
     <span class='ocr_line' id='line_1_20' title="bbox 708 4989 3364 5096; baseline 0.003 -27"><span class='ocrx_word' id='word_1_109' title='bbox 708 4992 1086 5090; x_wconf 81' lang='lat' dir='ltr'>tueretur,</span> <span class='ocrx_word' id='word_1_110' title='bbox 1154 5015 1390 5096; x_wconf 88' lang='lat' dir='ltr'>quam</span> <span class='ocrx_word' id='word_1_111' title='bbox 1434 4989 1905 5074; x_wconf 88' lang='lat' dir='ltr'>sententiam</span> <span class='ocrx_word' id='word_1_112' title='bbox 1970 4990 2131 5076; x_wconf 90' lang='lat' dir='ltr'>VV.</span> <span class='ocrx_word' id='word_1_113' title='bbox 2199 4992 2362 5074; x_wconf 91' lang='lat' dir='ltr'>FF.</span> <span class='ocrx_word' id='word_1_114' title='bbox 2432 4992 2604 5074; x_wconf 89' lang='lat' dir='ltr'>NN.</span> <span class='ocrx_word' id='word_1_115' title='bbox 2676 4991 2750 5078; x_wconf 83' lang='lat' dir='ltr'>S.</span> <span class='ocrx_word' id='word_1_116' title='bbox 2793 4993 2884 5076; x_wconf 81' lang='lat' dir='ltr'>E.</span> <span class='ocrx_word' id='word_1_117' title='bbox 2922 4993 3018 5076; x_wconf 84' lang='lat' dir='ltr'>R.</span> <span class='ocrx_word' id='word_1_118' title='bbox 3091 4992 3364 5078; x_wconf 82' lang='lat' dir='ltr'>Cardi-</span> 
     </span>
     <span class='ocr_line' id='line_1_21' title="bbox 711 5148 3366 5263; baseline 0.003 -31"><span class='ocrx_word' id='word_1_119' title='bbox 711 5149 930 5235; x_wconf 90' lang='lat' dir='ltr'>nales</span> <span class='ocrx_word' id='word_1_120' title='bbox 995 5148 1421 5234; x_wconf 87' lang='lat' dir='ltr'>christiano</span> <span class='ocrx_word' id='word_1_121' title='bbox 1486 5148 1782 5235; x_wconf 90' lang='lat' dir='ltr'>nomini</span> <span class='ocrx_word' id='word_1_122' title='bbox 1864 5153 2372 5260; x_wconf 80' lang='lat' dir='ltr'>propagando</span> <span class='ocrx_word' id='word_1_123' title='bbox 2450 5151 2899 5263; x_wconf 81' lang='lat' dir='ltr'>praepositi,</span> <span class='ocrx_word' id='word_1_124' title='bbox 2980 5180 3366 5263; x_wconf 84' lang='lat' dir='ltr'>exposue-</span> 
     </span>
     <span class='ocr_line' id='line_1_22' title="bbox 709 5307 3370 5424; baseline 0.002 -32"><span class='ocrx_word' id='word_1_125' title='bbox 709 5315 916 5393; x_wconf 86' lang='lat' dir='ltr'>runt.</span> <span class='ocrx_word' id='word_1_126' title='bbox 982 5307 1104 5393; x_wconf 87' lang='lat' dir='ltr'>Ab</span> <span class='ocrx_word' id='word_1_127' title='bbox 1173 5311 1628 5395; x_wconf 87' lang='lat' dir='ltr'>eorumdem</span> <span class='ocrx_word' id='word_1_128' title='bbox 1692 5309 1852 5395; x_wconf 85' lang='lat' dir='ltr'>VV.</span> <span class='ocrx_word' id='word_1_129' title='bbox 1880 5310 2061 5393; x_wconf 86' lang='lat' dir='ltr'>FF.</span> <span class='ocrx_word' id='word_1_130' title='bbox 2108 5310 2282 5394; x_wconf 88' lang='lat' dir='ltr'>NN.</span> <span class='ocrx_word' id='word_1_131' title='bbox 2351 5311 2700 5414; x_wconf 86' lang='lat' dir='ltr'>consilio,</span> <span class='ocrx_word' id='word_1_132' title='bbox 2783 5341 2869 5398; x_wconf 90' lang='lat' dir='ltr'>re</span> <span class='ocrx_word' id='word_1_133' title='bbox 2946 5312 3370 5424; x_wconf 83' lang='lat' dir='ltr'>diligenter</span> 
     </span>
    </p>
   </div>
  </div>
 </body>
</html>
