4497 6714
1138 774 1243 851 20

988 955 1221 1042 nibus
1287 965 1368 1044 et
1432 985 1666 1068 saepe
1752 964 2180 1041 testantur:
2270 956 2743 1041 institutioni
2829 954 3262 1041 iuventutis
3340 952 3647 1065 ingenti

991 1128 1311 1231 sumptu
1378 1129 1457 1206 et
1519 1119 1787 1204 labore
1852 1118 2363 1228 prospiciunt,
2431 1118 3032 1204 necessitatibus
3097 1115 3434 1228 publicis
3480 1115 3648 1226 opi-

995 1281 1349 1366 tulantur
1412 1280 1883 1366 liberalitate
1951 1288 2031 1364 et
2096 1279 2632 1365 beneficentia·
2682 1278 3046 1363 mirabili.

1178 1444 1535 1527 Iamvero
1621 1440 1772 1524 ista
1847 1441 2077 1542 bona,
2145 1468 2347 1549 quae
2425 1440 2712 1524 laetam
2789 1468 3009 1549 spem
3085 1438 3393 1523 Galliae
3469 1467 3649 1548 por-

993 1604 1350 1705 tendunt,
1419 1629 1574 1685 non
1641 1601 2170 1685 conservanda
2235 1599 2490 1684 solum
2556 1603 2694 1685 scd
2762 1599 3001 1685 etiam
3058 1600 3422 1709 augenda
3465 1606 3649 1681 sunt

993 1760 1389 1847 communi
1454 1760 1713 1845 studio
1778 1760 2277 1870 maximaque
2354 1760 2938 1871 perseverantia
3023 1758 3485 1844 sedulitatis
3554 1760 3646 1841 In

989 1920 1262 2043 primis
1328 1920 1751 2006 videndum
1817 1927 1938 2005 est
2001 1928 2091 2004 ut
2155 1920 2619 2006 idoneorum
2683 1921 3028 2005 virorum
3105 1918 3328 2030 copia
3392 1921 3647 2030 magis

991 2112 1081 2168 ac
1147 2080 1403 2192 magis
1469 2081 1747 2166 Olerus
1811 2079 2361 2190 locupletetur.
2431 2080 2717 2165 Sancta
2781 2080 2884 2164 sit
2949 2082 3157 2190 apud
3202 2085 3647 2168 sacerdotes

989 2241 1456 2327 Antistitum
1523 2270 1843 2327 suorum
1911 2242 2378 2327 auctoritas:
2457 2271 2598 2354 pro
2680 2247 2895 2327 certo
2979 2239 3324 2326 habeant
3389 2270 3648 2327 sacer-

997 2405 1257 2490 dotale
1323 2433 1635 2506 munus,
1705 2403 1855 2487 nisi
1920 2406 2065 2488 sub
2132 2403 2590 2515 magisterio
2655 2405 3225 2515 Episcoporum
3280 2432 3648 2490 exercea-

991 2573 1145 2669 tur,
1212 2592 1470 2676 neque
1570 2572 1955 2669 sanctum,
2054 2594 2202 2651 nec
2299 2565 2488 2651 satis
2584 2565 2803 2669 utile,
2901 2594 3160 2676 neque
3223 2563 3649 2651 honestum

991 2726 1371 2809 futurum.
1418 2773 1540 2788 —
1585 2724 1891 2810 Deinde
1958 2753 2281 2810 necesse
2373 2732 2494 2810 est
2571 2723 2651 2807 in
2734 2722 3166 2834 patrocinio
3244 2723 3676 2834 religioni-s,

990 2884 1329 2969 multum
1395 2884 1796 2971 elaborare
1892 2885 2140 2971 lectos
2237 2884 2446 2971 viros
2541 2884 2807 2988 laicOS,
2911 2884 3198 2994 quibus
3285 2913 3464 2968 cara
3529 2889 3650 2970 est

994 3044 1428 3129 communis
1494 3044 1843 3129 omnium
1909 3053 2161 3131 mater
2224 3044 2606 3147 Ecclesia,
2676 3051 2755 3129 et
2821 3073 3154 3154 quorum
3208 3073 3389 3128 cum
3442 3045 3650 3130 dicta

993 3213 1162 3291 tum
1236 3205 1526 3316 scripta
1591 3206 1905 3291 tuendis
1971 3205 2339 3291 catholici
2384 3204 2722 3290 nominis
2786 3205 3089 3289 iuribus
3139 3234 3428 3316 magno
3473 3205 3650 3290 usui

996 3397 1167 3455 esse
1233 3376 1583 3479 possunt.
1654 3368 1777 3451 Ad
1842 3375 2149 3478 optatos
2215 3375 2483 3454 autem
2547 3368 2848 3452 fructus
2915 3367 3252 3452 maxime
3299 3376 3420 3452 est
3465 3396 3648 3452 con-

994 3527 1319 3640 spiratio
1388 3528 1882 3614 voluntatum
1967 3534 2047 3613 et
2112 3530 2600 3638 agendorum
2689 3524 3117 3610 similitudo
3183 3526 3646 3611 necessaria.

992 3689 1359 3774 Profecto
1425 3687 1624 3772 nihil
1689 3687 1944 3798 magis
2009 3687 2306 3771 inimici
2385 3686 2734 3797 cupiunt,
2802 3715 3037 3795 quam
3091 3693 3182 3770 ut
3225 3686 3652 3772 dissideant

996 3845 1364 3933 catholici
1430 3847 1637 3933 inter
1700 3876 1816 3933 se:
1881 3846 1965 3930 hi
2032 3876 2218 3932 vero
2285 3846 2484 3930 nihil
2542 3846 2688 3931 sibi
2737 3846 2990 3957 magis
3056 3875 3293 3955 quam
3335 3847 3654 3932 dissidia

995 4005 1463 4117 fugiendum
1529 4015 1834 4117 putent,
1902 4036 2294 4092 memores
2359 4007 2603 4091 divini
2674 4006 2918 4108 verbi,
2963 4039 3164 4095 omn-e
3209 4043 3515 4123 reqmmz
3577 4021 3656 4099 in

994 4177 1312 4281 seipsum
1376 4175 1688 4256 divisum
1752 4172 2221 4256 desolabitur.
2325 4166 2550 4271 Quod
2648 4167 2738 4269 si,
2837 4168 3297 4254 concordiae
3373 4170 3650 4281 gratia,

998 4357 1321 4415 necesse
1388 4336 1531 4429 est,
1599 4358 2077 4439 quemquam
2142 4332 2239 4414 de
2307 4358 2449 4412 sua
2536 4328 2927 4414 sententia
3003 4328 3449 4440 iudicioque
3515 4334 3653 4417 de-

1006 4490 1310 4593 sistere,
1378 4489 1614 4575 faciat
1677 4517 1834 4574 non
1900 4487 2215 4590 invitus,
2254 4496 2566 4598 sperata
2627 4487 2970 4574 utilitate
3037 4489 3456 4574 communi.
3506 4490 3655 4595 Qui

997 4649 1408 4735 scribendo
1506 4651 1697 4733 dant
1792 4676 2142 4759 operam,
2241 4661 2724 4760 magnopere
2821 4651 3191 4734 studeant
3285 4648 3491 4735 hanc
3573 4650 3653 4733 in

998 4806 1361 4893 omnibus
1426 4809 1664 4892 rebus
1727 4807 2166 4892 animorum
2234 4807 2731 4893 concordiam
2820 4836 3328 4913 conservare3
3418 4808 3655 4895 iidem

1000 4971 1406 5075 praeterea
1472 4966 1681 5072 quod
1744 4965 1825 5048 in
1892 4994 2309 5051 commune
2376 4966 2692 5077 expedit
2757 4966 3057 5068 malint,
3144 4995 3379 5076 quam
3447 4970 3657 5076 quod

1000 5124 1186 5210 sibi:
1255 5125 1699 5210 communia
1766 5134 2044 5236 coepta
2107 5133 2515 5231 tueantur3
2582 5127 3040 5237 disciplinae
3107 5154 3401 5228 eorum,
3459 5155 3655 5236 quos

974 5286 1334 5404 Spiritus
1396 5285 1718 5371 Sanctus
1767 5292 2028 5398 posuit
2092 5288 2496 5398 Efflscopos
2556 5318 2808 5398 reffero
2875 5290 3280 5373 Ecclesiam
3343 5290 3510 5388 Dei,
3561 5285 3656 5369 li-
