4497 6714
1221 726 1363 807 136

1052 918 1262 998 esset
1325 910 1475 996 nisi
1540 914 1638 996 ad
1703 912 2060 997 notitiam
2124 912 2376 998 almae
2461 913 2684 999 Sedis
2750 910 2963 1024 (hoc
3031 918 3150 996 est
3216 909 3704 998 Successoris
3829 944 3834 947 ⁴

1049 1072 1301 1188 Petri)
1366 1073 1646 1161 fuisset
1710 1077 2162 1179 deductum,
2228 1082 2320 1160 ut
2384 1074 2579 1160 Eius
2642 1040 3086 1160 firmaretur
3149 1070 3698 1157 auctoritate.»

1238 1236 1519 1345 Itaque
1587 1265 1767 1320 cum
1832 1233 1911 1319 in
1978 1234 2532 1322 ecclesiasticis
2596 1234 3017 1347 provinciis
3084 1230 3593 1319 Cremonensi
3628 1235 3710 1316 et

1053 1396 1480 1479 Mantuana
1544 1394 1624 1479 in
1690 1395 2321 1507 praesentiarum
2390 1396 2584 1482 certi
2647 1425 2799 1482 non
2868 1393 3311 1480 habeantur
3376 1400 3456 1479 et
3519 1391 3710 1476 defi-

1047 1554 1194 1640 niti
1258 1554 1548 1641 limites
1612 1556 2194 1662 Paroeciarum,
2274 1586 2606 1667 quarum
2676 1556 2903 1642 alteri
2983 1560 3388 1644 Camllara
3468 1553 3710 1639 Dioe-

1051 1715 1209 1802 cesi
1276 1716 1787 1803 Cremonensi
1850 1716 2312 1828 adscriptae,
2379 1717 2606 1803 alteri
2684 1722 2965 1807 Gz‘zzolo
3028 1745 3316 1801 nomen
3359 1714 3697 1799 inditum

1053 1906 1254 1989 quae
1320 1879 1748 1963 Mantuano
1812 1884 2035 1989 paret
2099 1877 2480 1980 Antistia,
2516 1878 2716 1964 sacri
2781 1878 3187 1988 utriusqus
3230 1877 3707 1963 Dioeceseos

1055 2040 1425 2124 Pastores
1491 2040 1589 2122 ad
1652 2037 2091 2124 simultates
2138 2042 2519 2124 arcendas
2566 2039 3290 2150 controversiasque
3337 2037 3711 2123 dirimen-

1058 2201 1222 2302 daS‚
1260 2226 1462 2309 quae
1527 2197 1608 2281 in
1677 2197 2101 2283 curialibus
2168 2205 2247 2284 et
2312 2198 2906 2310 Episcopalibus
2955 2199 3194 2285 ctiam
3244 2199 3533 2284 muniis
3577 2229 3714 2311 pe-

1056 2364 1425 2476 ragendis
1489 2391 1647 2448 non
1711 2363 1956 2449 semel
2022 2371 2340 2450 exortae
2407 2372 2611 2467 sunt,
2679 2369 2759 2448 et
2824 2366 2921 2447 ad
2987 2366 3443 2466 cavendum,
3482 2390 3582 2447 ne
3632 2361 3714 2446 in

1059 2523 1489 2635 perniciem
1553 2524 1995 2609 animarum
2057 2551 2306 2610 novae
2373 2524 2553 2609 inde
2621 2525 3095 2629 exoriantur,
3162 2525 3298 2608 diu
3340 2525 3718 2609 multum-

1063 2715 1217 2796 que
1283 2714 1594 2772 omnem
1661 2684 1960 2796 ingenii
2025 2684 2185 2770 vim
2252 2685 2781 2789 intenderunt,
2850 2691 2939 2769 ut
3002 2685 3372 2795 utrinque
3420 2713 3515 2770 ex
3582 2713 3717 2770 ve-

1064 2846 1215 2933 teri
1277 2847 1459 2958 lege
1546 2845 1845 2956 antiqui
1933 2845 2225 2932 limites
2312 2848 2927 2932 decernerentur
3011 2846 3295 2957 quibus
3388 2853 3720 2957 utraque

1070 3007 1588 3094 contineatur.

1234 3166 1602 3273 Quamvis
1636 3175 1903 3254 autem
1937 3169 2531 3255 occurrentibus
2564 3169 3161 3255 difficultatibus
3192 3198 3427 3280 saepe
3467 3168 3718 3255 omnis

1064 3329 1591 3443 inquisitionis
1654 3329 2007 3417 laborem
2068 3333 2358 3417 frustra
2422 3331 2784 3417 excidere
2850 3330 3266 3434 vidissent,
3334 3330 3548 3416 haud
3613 3331 3710 3416 ab

1066 3492 1379 3604 incepto
1445 3493 1984 3579 desistendum
2047 3499 2451 3604 putarunt3
2520 3495 2779 3603 quoad
2849 3493 3151 3578 collatis
3217 3492 3425 3579 ultro
3492 3491 3725 3578 citro-

1071 3682 1223 3765 que
1291 3654 1634 3740 consiliis
1701 3683 1794 3740 eo
1862 3655 2167 3766 negotii
2234 3662 2704 3767 perventum
2742 3661 2884 3758 est,
2931 3662 3021 3740 ut
3064 3684 3372 3739 summa
3427 3654 3726 3740 animo-

1067 3847 1246 3902 rum
1311 3815 1737 3903 concordia
1805 3816 2162 3926 utrisque
2244 3817 2665 3920 Paroeciis‚
2734 3816 3140 3902 Oavallara
3204 3815 3574 3900 nimirum
3648 3821 3730 3901 et

1071 3978 1406 4082 CizzoIO‚
1476 3979 1671 4064 certi
1743 3978 2033 4065 limites
2101 3978 2734 4089 designarentur.

1255 4140 1772 4227 Partitionem
1840 4146 2129 4243 autem,
2197 4142 2295 4225 de
2363 4168 2517 4249 qua
2581 4139 2788 4224 inter
2852 4169 2936 4225 se
3004 4145 3560 4242 convenerunt,
3600 4168 3729 4226 co-

1067 4299 1560 4413 rographicis
1623 4300 1913 4384 tabulis
1979 4299 2415 4410 expositam
2478 4301 2810 4385 Romam
2881 4303 2979 4384 ad
3042 4300 3510 4386 Pontificem
3592 4303 3730 4387 de-

1071 4462 1446 4564 tulerunt,
1483 4467 1796 4546 orantes
1860 4468 1949 4545 ut
2012 4488 2381 4570 suprema
2445 4490 2601 4571 qua
2663 4461 2908 4573 pollet
2976 4461 3444 4547 auctoritate
3508 4459 3731 4547 exhi-

1079 4622 1329 4708 bitam
1395 4621 2200 4733 circumscriptionem
2270 4623 2727 4708 confirmare
2793 4623 3060 4711 vellet.

1262 4783 1483 4870 Haec
1548 4788 1818 4867 autem
1881 4810 2082 4867 nova
2148 4783 2767 4895 circumscriptio
2844 4814 2986 4870 seu
3050 4785 3323 4868 finium
3368 4781 3731 4868 limitatio

1076 4942 1297 5029 hisce
1366 4942 1764 5054 conceptis
1829 4943 2088 5029 verbis
2154 4946 2252 5028 ab
2321 4944 2787 5029 Oratoribus
2873 4945 3282 5056 Episcopis
3360 4943 3736 5031 describi-

1087 5110 1239 5207 tur,
1307 5103 1721 5190 videlicet:

1278 5296 1313 5344 «
1390 5266 1588 5348 Essa
1653 5264 2015 5367 consiste,
2084 5294 2304 5351 corne
2372 5272 2414 5350 e
2481 5264 2811 5351 chiarito
2879 5265 3057 5350 nell'
3095 5266 3445 5378 allegato
3512 5267 3729 5376 Tipo,
