4497 6714
3161 757 3262 835 47

766 947 976 1034 enim
1039 948 1409 1059 providae
1474 954 2004 1059 paternaeque
2072 976 2305 1032 curae
2372 976 2518 1033 nec
2573 974 2884 1056 semper
2928 972 3075 1030 nec
3120 943 3414 1054 ubique

765 1115 1070 1218 optatos
1135 1106 1584 1192 habuerunt
1649 1107 1944 1193 exitus:
2011 1109 2248 1216 idque
2315 1108 2440 1192 vel
2491 1105 2926 1209 hominum,
2996 1104 3132 1214 qui
3195 1104 3277 1186 in
3323 1132 3417 1189 ea

765 1295 968 1353 noxa
1032 1275 1319 1374 essent,
1387 1269 1883 1355 simulatione
1930 1277 2010 1355 et
2054 1276 2254 1370 astu,
2301 1269 2427 1354 vel
2481 1267 3054 1352 inconsiderata
3096 1264 3415 1350 levitate

767 1436 1230 1532 ceterorum,
1300 1458 1633 1539 quorum
1697 1429 2035 1514 maxime
2104 1428 2590 1514 interfuisset
2672 1426 3097 1537 diligenter
3159 1432 3414 1511 atten-

765 1591 975 1675 dere.
1045 1588 1301 1693 Quare
1367 1589 1600 1674 unius
1665 1589 1957 1674 saeculi
2024 1588 2566 1697 dimidiatique
2614 1586 2864 1697 spatio
2929 1594 3144 1672 secta
3208 1587 3436 1670 Mas--

764 1776 1044 1832 sonum
1108 1752 1207 1833 ad
1270 1748 1753 1836 incrementa
1827 1749 2274 1860 properavit
2361 1748 2724 1859 opinione
2812 1747 3150 1849 maiora3
3217 1746 3414 1831 infe-

763 1910 1166 2016 rendoque
1231 1937 1405 1993 sese
1449 1937 1591 2018 per
1635 1908 2041 1992 audaciam
2087 1915 2167 1993 et
2210 1907 2431 1993 dolos
2474 1907 2556 1990 in
2602 1935 2873 1992 omnes
2936 1905 3414 2016 reipublicae

765 2065 1100 2169 ordineS,
1167 2074 1473 2152 tantum
1539 2067 1694 2152 iam
1760 2096 1990 2179 posse
2059 2068 2342 2179 coepit,
2431 2075 2520 2152 ut
2583 2096 2823 2179 prope
2889 2066 3270 2152 dominari
3333 2065 3414 2149 in

766 2227 1209 2313 civitatibus
1292 2229 1672 2315 videatur.
1754 2231 1876 2313 Ex
1960 2228 2112 2314 hoc
2194 2238 2357 2315 tam
2441 2228 2678 2315 celeri
2755 2226 3412 2337 formidolosoque

767 2418 1001 2473 cursu
1063 2389 1198 2473 illa
1262 2419 1538 2475 revera
1602 2398 1724 2476 est
1787 2390 1870 2474 in
1933 2390 2398 2495 Ecclesiam,
2446 2391 2525 2473 in
2591 2395 3063 2498 potestatem
3127 2387 3414 2499 princi-

765 2578 976 2660 pum,
1044 2547 1124 2632 in
1190 2549 1525 2635 salutem
1590 2550 1984 2661 publicam
2030 2518 2419 2660 pernicies
2464 2556 2907 2651 consecuta,
2974 2578 3211 2658 quam
3254 2549 3415 2634 De-

767 2738 1116 2797 cessores
1150 2710 1417 2796 Nostri
1451 2712 1701 2798 multo
1748 2719 1929 2798 ante
1973 2712 2496 2823 providerant.
2533 2713 2651 2796 Eo
2697 2710 2908 2796 enim
2950 2716 3415 2819 perventum

766 2876 907 2963 est,
974 2876 1064 2953 ut
1127 2869 1353 2955 valde
1422 2871 1524 2955 sit
1587 2871 1891 2980 reliquo
1956 2880 2311 2982 tempore
2377 2874 2889 2957 metuendum
2938 2899 3094 2955 non
3137 2870 3414 2956 Eccle-

765 3031 924 3116 siae
970 3031 1312 3142 quidem,
1361 3061 1562 3143 quae
1605 3034 1844 3144 longe
1889 3033 2190 3117 firmius
2233 3031 2477 3118 habet
2509 3035 3130 3133 fundamentum,
3179 3059 3415 3139 quam

762 3200 852 3277 ut
914 3191 1324 3277 hominum
1389 3204 1625 3302 opera
1698 3193 2149 3278 labefactari
2230 3200 2491 3304 queat,
2583 3195 2719 3277 sed
2804 3221 3074 3277 earum
3141 3219 3415 3275 caussa

765 3352 1192 3457 civitatum,
1258 3352 1340 3438 in
1406 3353 1690 3463 quibus
1756 3354 1987 3439 nimis
2051 3354 2345 3466 polleat
2411 3383 2526 3459 ea,
2594 3359 2691 3440 de
2758 3384 2913 3465 qua
2994 3351 3412 3462 loquimur,

764 3519 899 3596 aut
962 3513 1160 3598 aliae
1224 3512 1635 3598 hominum
1700 3521 1962 3599 sectae
2028 3542 2185 3598 non
2251 3514 2672 3617 absimileS,
2741 3543 2942 3623 quae
3007 3514 3245 3625 priori
3300 3514 3414 3598 illi

765 3700 936 3758 sese
1003 3673 1498 3757 administras
1563 3680 1643 3758 et
1706 3672 2087 3758 satellites
2151 3674 2635 3784 impertiunt.

946 3831 1097 3916 His
1162 3834 1259 3918 de
1326 3832 1644 3936 caussis,
1712 3832 1846 3916 ubi
1903 3832 2239 3942 primum
2287 3835 2386 3915 ad
2429 3832 2831 3919 Ecclesiae
2876 3834 3416 3943 gubernacula

763 3992 1260 4096 accessimuS,
1325 3992 1663 4078 vidimus
1727 3992 2117 4102 planeque
2184 3992 2573 4078 sensimus
2656 3991 2845 4077 huic
2922 4001 3142 4079 tanto
3207 3994 3412 4079 malo

761 4151 1126 4238 resistere
1193 4152 1555 4264 oppositu
1619 4152 2107 4238 auctoritatis
2172 4154 2531 4256 Nostrae,
2580 4156 2837 4262 quoad
2893 4154 3060 4239 fieri
3124 4160 3411 4264 posset,

761 4320 1143 4421 oportere.
1213 4362 1335 4375 —
1401 4311 1602 4397 Sane
1670 4318 2187 4422 opportunam
2253 4312 2565 4422 saepius
2631 4313 3120 4399 occasionem
3174 4314 3408 4417 nacti,

760 4470 1154 4580 persecuti
1200 4501 1471 4556 sumus
1515 4471 1937 4582 praecipua
2002 4476 2388 4581 quaedam
2433 4473 3286 4586 doctrinarum-capita,
3332 4475 3416 4560 in

762 4657 955 4738 quas
1022 4629 1636 4714 Massonicarum
1702 4630 2156 4741 opinionum
2223 4631 2625 4717 influxisse
2692 4634 3029 4720 maxime
3094 4664 3413 4745 perver-

761 4788 951 4874 sitas
1041 4789 1475 4874 videbatur.
1562 4792 1685 4874 Ita
1765 4789 2089 4876 Litteris
2173 4791 2482 4875 Nostris
2559 4793 2996 4900 Encyclicis
3101 4830 3144 4871 «
3209 4799 3421 4901 Quod

755 4951 1171 5063 Apostolz'ci
1223 4957 1549 5037 muneris
1598 4985 1640 5025 »
1715 4949 2077 5060 aggressi
2121 4979 2393 5035 sumus
2457 4955 3020 5040 &eeclesiarum
3068 4961 3147 5040 et
3204 4958 3414 5044 Com-

754 5117 1246 5197 mum‘sz‘arum
1319 5116 1684 5219 portenta
1767 5109 2267 5194 convincere:
2351 5110 2524 5194 aliis
2610 5112 2978 5223 deinceps
3067 5149 3110 5190 «
3159 5117 3413 5202 Arca-

754 5301 929 5356 num
979 5303 1023 5346 »
1116 5297 1380 5354 veram
1466 5297 2083 5379 germanamque
2176 5270 2576 5356 notionem
2664 5272 3062 5358 societatis
3143 5275 3413 5360 dome-
