4497 6714
3189 829 3293 905 89

1779 1174 2444 1304 EPISTOLA

1129 1566 1230 1619 DE
1297 1565 1779 1621 CENTENARIA
1845 1566 2552 1623 COMMEMORATIONE
2617 1566 3094 1621 NATIVITATIS

1739 1726 2120 1782 DEIPARAE
2188 1728 2526 1783 VIRGINIS

1304 1886 1403 1941 AD
1473 1886 1723 1942 OMNES
1788 1888 2190 1945 CATHOLICI
2258 1887 2473 1944 ORBIS
2529 1886 2955 1943 EPISCOPOS.

820 3039 1004 3195 Vir
1071 3109 1762 3196 Eminentissimus
1830 3109 2479 3220 Metropolitanae
2546 3108 2949 3195 Ecclesiae
3029 3106 3479 3195 Colocensis

824 3275 904 3354 et
968 3270 1422 3357 Baesiensis
1456 3269 1535 3354 in
1571 3270 2033 3382 Hungariac
2067 3272 2354 3383 Regno
2398 3269 2752 3355 Antistes
2797 3268 3243 3355 Ludovicus
3294 3269 3483 3354 Car-

825 3431 1107 3516 dinalis
1173 3431 1558 3539 Haynald‚
1609 3429 2073 3516 humillimis
2129 3432 2414 3518 oblatis
2459 3432 2854 3544 precibuS,
2892 3430 3487 3519 Sanctissimum

831 3593 1258 3681 Dominum
1324 3596 1701 3681 Nostrum
1767 3597 2098 3681 LEONEM
2161 3596 2439 3678 PAPAM
2505 3596 2708 3678 XIII
2773 3594 3104 3705 rogavit,
3149 3601 3262 3696 ut,
3311 3622 3490 3704 pro-

831 3735 1018 3840 bata
1083 3749 1539 3866 aliquorum*
1592 3756 2179 3868 Theologorum
2246 3756 2828 3843 ecclesiasticae
2910 3755 3287 3842 historiae
3352 3785 3493 3868 pe-

836 3914 1168 4001 ritorum
1235 3917 1651 4021 sententia,
1724 3947 1924 4029 quae
1993 3920 2273 4003 suadet
2335 3916 2692 4029 proximo
2756 3917 3235 4004 ann01885
3286 3946 3498 4003 com-

838 4073 1142 4184 pletum
1206 4073 1302 4159 iri
1365 4076 1759 4162 decimum
1824 4106 2119 4163 nonum
2183 4075 2590 4161 saeculum
2677 4078 2775 4161 ab
2865 4083 3044 4161 ortu
3106 4076 3496 4187 gloriosae

784 4221 1190 4349 'Virginis
1254 4239 1404 4326 Dei
1471 4239 1880 4351 genitricis
1955 4238 2278 4343 Mariae,
2368 4243 2466 4325 de
2534 4267 2627 4326 eo
2692 4239 3120 4325 laetissimo
3208 4246 3498 4326 eventu

849 4397 1187 4507 speciale
1253 4401 1543 4484 festum
1609 4399 1939 4485 solemni
2036 4399 2196 4485 ritu
2276 4399 2834 4485 celebrandum
2899 4401 3360 4485 decerneret
3424 4398 3505 4483 in

852 4557 1240 4647 catholico
1307 4561 1513 4648 Orbe
1579 4562 2003 4665 universo,
2072 4561 2198 4648 die
2268 4569 2543 4648 octava
2607 4561 3090 4673 Septembris
3157 4561 3510 4647 eiusdem

855 4718 1060 4803 anni.
1130 4719 1654 4806 Postulationi
1722 4720 2280 4831 quamplurimi
2343 4719 2474 4805 alii
2540 4721 3172 4831 subscripserunt
3259 4721 3513 4807 eccle-

857 4878 1150 4964 siarum
1213 4880 1657 4984 PraesuleS‚
1702 4879 1909 4966 inter
1973 4908 2171 4990 quos
2235 4879 2535 4990 aliquot
2576 4880 2754 4964 Emi
2802 4880 3293 4983 Cardinales3
3339 4909 3518 4991 per-

861 5040 1092 5126 multi
1157 5070 1469 5152 quoque
1535 5070 1938 5127 accessere
2005 5040 2522 5127 ecclesiastici
2598 5039 2744 5126 viri
2827 5041 3217 5152 dignitate
3302 5040 3515 5143 clari,

866 5208 947 5288 et
1007 5170 1187 5287 laici
1249 5202 1635 5315 religione
1699 5210 2232 5313 praestantes:
2301 5229 2574 5287 omnes
2638 5202 2971 5287 ferventi
3004 5200 3340 5313 permoti
3384 5204 3522 5288 de-

871 5359 1154 5445 siderio
1221 5389 1507 5447 novum
1578 5363 1836 5446 cultus
1903 5360 2285 5446 honorem
2351 5361 2790 5473 opponendi
2859 5361 3164 5471 probris
3210 5391 3300 5446 ac
3350 5362 3522 5446 bla-
