4497 6714
1241 753 1347 830 48

1093 936 1359 1041 sticae,
1428 938 1650 1023 cuius
1715 946 1836 1025 est
1897 941 1978 1022 in
2045 941 2542 1025 matrimonio
2627 942 2799 1024 fons
2886 946 2966 1024 et
3047 939 3294 1048 orig-0,
3361 939 3737 1022 tuendam

1096 1103 1177 1180 et
1241 1097 1779 1207 explicandam
1825 1099 2298 1183 curavimus:
2353 1099 2450 1183 iis
2493 1099 2833 1208 insuper,
2880 1126 3214 1209 quarum
3258 1096 3573 1181 initium
3619 1103 3740 1182 est

1102 1290 1137 1338 «
1198 1235 1657 1348 Dz'w‘urmcm
1714 1293 1785 1364 »,
1851 1260 2262 1371 potestatis
2343 1259 2706 1371 politicae
2784 1261 3115 1345 formam
3197 1261 3296 1342 ad
3360 1254 3741 1368 principia

1096 1418 1568 1507 christianae
1645 1421 2074 1532 sapientiae
2155 1449 2604 1531 expressam
2692 1421 3263 1532 proposuimuS,
3332 1447 3510 1503 cum
3573 1416 3742 1527 ipsa

1091 1608 1356 1665 rerum
1421 1590 1722 1684 natura,
1792 1610 1972 1665 cum
2036 1581 2505 1691 populorum
2560 1580 3158 1691 principumque
3204 1579 3456 1664 salute
3521 1577 3736 1661 miri-

1093 1741 1237 1827 fice
1305 1740 1880 1828 cohaerentem.
1970 1742 2197 1825 Nunc
2283 1747 2574 1844 autem,
2663 1742 3188 1826 Decesscrum
3275 1739 3740 1824 Nostrorum

1096 1903 1479 2013 exemplo,
1546 1902 1627 1986 in
1693 1901 2212 1987 Massonicam
2276 1902 2527 2013 ipsam
2591 1901 3074 2004 societatem,
3159 1898 3240 1983 in
3305 1899 3741 1984 doctrinam

1095 2060 1263 2146 eius
1328 2062 1797 2166 universam,
1874 2071 1955 2149 et
2030 2062 2377 2165 consilia,
2462 2069 2542 2147 et
2617 2059 3005 2146 sentiendi
3093 2058 3742 2144 consuetudinem

1094 2227 1175 2306 et
1239 2222 1550 2332 agendi,
1619 2222 1968 2307 animum
2051 2230 2270 2308 recta
2341 2221 2750 2306 intendere
2816 2219 3328 2321 decrevimus,
3406 2246 3560 2329 quo
3624 2219 3741 2304 vis

1092 2380 1305 2465 illius
1368 2381 1724 2468 malefica
1795 2383 2050 2494 magis
2135 2382 2550 2493 magisque
2615 2382 3078 2483 illustretur,
3163 2380 3400 2489 idque
3485 2379 3741 2464 valeat

1093 2543 1193 2625 ad
1256 2544 1614 2628 funestae
1679 2543 1922 2653 pestis
1986 2541 2474 2653 prohibenda
2539 2541 2928 2653 contagia.

1280 2702 1558 2788 Variae
1614 2711 1799 2788 sunt
1840 2702 2253 2788 hominum
2297 2712 2580 2807 sectae,
2630 2732 2830 2812 quae
2877 2731 3353 2813 quamquam
3398 2701 3737 2805 nomine,

1091 2861 1272 2965 ritu,
1340 2864 1612 2966 forma,
1679 2863 1984 2974 origine
2049 2863 2526 2967 differenteS,
2596 2893 2778 2948 cum
2841 2871 3105 2948 tamon
3193 2863 3738 2948 communione

1095 3025 1431 3133 quadam
1494 3023 1871 3135 propositi
1929 3053 2572 3134 summarumque
2618 3023 3186 3110 sententiarum
3231 3022 3740 3108 similitudine

1093 3181 1299 3268 inter
1363 3212 1448 3269 se
1515 3184 2085 3287 contineantur,
2138 3213 2222 3269 re
2272 3192 2720 3295 congruunt
2783 3213 2962 3268 cum
3008 3190 3223 3269 secta
3265 3186 3738 3285 Massonum,

1095 3371 1298 3452 quae
1364 3342 1770 3428 cuiusdam
1836 3350 1956 3429 est
2019 3343 2268 3429 instar
2334 3344 2585 3429 centri
2650 3347 2857 3430 unde
2923 3346 3216 3431 abeunt
3261 3352 3340 3431 et
3395 3373 3551 3455 quo
3614 3374 3739 3431 re-

1098 3505 1343 3588 deunt
1377 3503 1810 3589 universae.
1840 3504 2055 3608 Quae
2092 3505 2449 3613 quamvis
2483 3535 2691 3590 nunc
2725 3505 2933 3590 nolle
2969 3509 3381 3592 admodum
3419 3506 3740 3592 videan-

1094 3670 1226 3748 tur
1291 3664 1535 3750 latere
1602 3664 1682 3748 in
1746 3665 2117 3788 tenebriS,
2186 3673 2268 3751 et
2332 3695 2512 3752 suos
2577 3673 2819 3776 agant
2885 3673 3154 3751 coetus
3198 3666 3279 3748 in
3323 3666 3499 3752 luce
3553 3695 3739 3751 ocu-

1091 3823 1346 3933 lisque
1414 3824 1723 3924 civium,
1771 3831 1850 3909 et
1914 3853 2097 3909 suas
2164 3828 2399 3910 edant
2455 3823 3022 3934 ephemeridaS,
3067 3822 3577 3909 nihilominus
3619 3830 3738 3908 ta-

1094 4013 1302 4090 men,
1340 4014 1425 4072 re
1458 3986 1773 4096 penitus
1805 3995 2241 4098 perspecta,
2279 4016 2534 4098 genus
2570 3987 3036 4072 societatum
3082 3985 3742 4070 clandestinarum

1091 4175 1550 4258 moremque
1583 4148 1951 4233 retinent.
1992 4148 2230 4231 Plura
2263 4148 2549 4258 quippe
2594 4147 2674 4231 in
2719 4146 2814 4231 iis
2859 4153 3041 4231 sunt
3087 4146 3389 4232 arcanis
3434 4145 3739 4247 similia,

1095 4338 1296 4419 quae
1361 4337 1515 4394 non
1582 4314 1948 4394 externos
1993 4308 2269 4409 solum,
2317 4309 2454 4392 sed
2496 4307 2867 4417 gregales
2923 4306 3161 4391 etiam
3203 4307 3408 4391 bene
3452 4304 3742 4390 multos

1096 4467 1707 4577 exquisitissima
1771 4464 2181 4575 diligentia
2259 4465 2493 4551 celari
2571 4465 2701 4552 lex
2783 4473 2955 4550 est:
3045 4464 3482 4550 cuiusmodi
3559 4473 3743 4550 sunt

1096 4627 1372 4712 intima
1435 4634 1672 4736 atque
1737 4625 2016 4709 ultima
2082 4624 2427 4728 consilia,
2495 4625 2781 4709 summi
2844 4624 3272 4710 factionum
3326 4623 3742 4735 principeS,

1097 4787 1405 4874 occulta
1471 4790 1856 4898 quaedam
1924 4793 2004 4872 et
2068 4785 2438 4872 intestina
2483 4785 3079 4871 conventicula:
3147 4784 3339 4870 item
3402 4787 3743 4889 decreta,

1097 4958 1178 5036 et
1242 4977 1398 5059 qua
1468 4949 1617 5053 via,
1695 4949 1983 5059 quibus
2058 4947 2366 5033 auxiliis
2448 4946 2942 5059 perficienda.
3023 4947 3208 5031 Huc
3289 4974 3477 5032 sane
3559 4945 3749 5032 facit

1099 5107 1513 5219 multiplex
1578 5108 1772 5192 illud
1836 5107 2041 5192 inter
2104 5105 2359 5191 socios
2423 5105 2840 5190 discrimen
2907 5112 2987 5190 et
3029 5105 3222 5190 iuris
3268 5113 3348 5191 et
3392 5104 3623 5190 officii
3667 5111 3749 5191 et

1100 5266 1483 5353 muneris:
1537 5265 1698 5353 huc
1741 5275 1911 5352 rata
1956 5265 2318 5350 ordinum
2363 5268 2910 5376 graduumque
2953 5265 3375 5368 distinctiO,
3443 5274 3524 5352 et
3587 5264 3744 5371 illa,
