4497 6714
3233 871 3378 951 117

876 1056 1067 1139 dent
1128 1053 1799 1167 opportunitatem
1882 1056 2241 1168 praeberi
2330 1056 2736 1166 latumque
2816 1083 3178 1166 campum
3262 1060 3533 1165 patere

878 1214 1243 1299 omnibus
1309 1214 1784 1301 Germaniae
1853 1216 2285 1321 catholicis,
2354 1216 2435 1300 in
2500 1245 2655 1326 quo
2725 1245 2997 1302 eorum
3056 1215 3360 1328 peritia,
3398 1245 3532 1303 eo-

872 1404 1050 1459 rum
1112 1375 1361 1460 virtus
1427 1381 1507 1461 et
1570 1374 1954 1461 industria
2017 1375 2099 1460 in
2166 1376 2281 1462 rei
2373 1375 2807 1462 catholicae
2892 1376 3329 1461 rationibus
3395 1379 3533 1462 de-

877 1535 1287 1621 fendendis
1353 1541 1433 1621 et
1497 1536 2047 1646 promovendis
2112 1544 2502 1623 exeratur.
2572 1537 2793 1623 Haec
2836 1565 3068 1648 porro
3132 1536 3536 1648 praeclara

878 1697 1163 1810 agendi
1227 1696 1429 1783 ratio
1495 1696 2003 1782 iucunditatis
2051 1706 2132 1783 et
2177 1697 2730 1783 consolationis
2796 1727 3031 1782 causa
3095 1697 3341 1783 Nobis
3388 1704 3533 1802 est,

879 1889 1060 1946 cum
1126 1859 1645 1945 constantiam
1736 1867 1816 1947 et
1880 1861 2332 1948 firmitatem
2417 1869 2759 1948 vestram
2843 1860 2924 1945 in
3005 1863 3213 1946 bono
3280 1867 3534 1946 certa-

876 2021 1088 2107 mine
1156 2023 1527 2107 certando
1593 2022 2039 2108 luculenter
2082 2025 2468 2127 ostendat,
2515 2052 2605 2107 ac
2652 2021 2748 2107 iis
2812 2020 3285 2108 testimoniis
3333 2049 3534 2131 quae

878 2189 1260 2294 perpetuo
1323 2180 1747 2266 habuimus
1833 2181 1983 2267 zeli
2070 2188 2152 2267 et
2235 2182 2548 2267 virtutis
2631 2180 3107 2268 Germaniae
3184 2180 3537 2265 fidelium

877 2370 1307 2453 eorumque
1375 2342 1629 2426 filialis
1676 2342 2033 2453 obsequii
2080 2371 2274 2453 erga
2317 2341 2852 2454 Apostolicam
2913 2341 3196 2428 Sedem
3241 2370 3534 2427 novum

877 2532 967 2588 ac
1031 2503 1521 2614 praeclarum
1587 2511 2144 2614 argumentum
2210 2503 2550 2589 adiiciat.
2602 2502 2985 2607 Quoniam
3046 2530 3233 2587 vero
3301 2532 3535 2614 supe-

877 2665 1122 2751 riores
1188 2672 1619 2751 conventus
1685 2671 2010 2767 vestros⁹
2081 2666 2254 2750 Deo
2319 2665 2762 2767 adiuvante,
2801 2664 3183 2749 salutares
3230 2666 3535 2749 fructus

880 2824 1310 2937 protulisse
1411 2824 1985 2935 cognoscimuS,
2083 2824 2406 2910 minime
2472 2798 2947 2934 ambigimus
3022 2852 3204 2909 eum
3271 2823 3536 2928 etiam,

883 3015 1121 3096 quem
1186 2987 1655 3072 celebraturi
1723 2988 1936 3091 estis,
1985 3017 2355 3098 magnam
2397 2990 2783 3073 bonorum
2831 2993 3189 3098 segetem
3253 2986 3536 3070 allatu-

882 3176 1082 3231 rum.
1150 3147 1378 3232 Hanc
1443 3148 1689 3233 Nobis
1754 3150 2059 3233 firmam
2146 3149 2520 3234 fiduciam*
2597 3151 2947 3259 praebet,
3036 3148 3305 3233 dilecti
3371 3147 3536 3250 filii,

885 3308 1169 3395 eximia
1213 3308 1495 3421 religio
1540 3315 1619 3396 et
1662 3309 1912 3421 pietas
1948 3317 2239 3415 vestra,
2290 3338 2445 3421 qua
2488 3309 2879 3422 Deiparae
2914 3307 3285 3420 VirginiS,
3335 3336 3537 3420 quae

887 3469 966 3553 in
1031 3469 1403 3581 religiosa
1465 3472 1658 3557 aede
1722 3500 1965 3581 prope
2032 3470 2273 3556 istum
2337 3471 2883 3582 Ambergense
2968 3470 3340 3581 oppidum
3405 3498 3538 3555 co-

885 3629 1096 3732 litur,
1162 3637 1442 3739 potens
1506 3629 1983 3739 praesidium
2028 3629 2407 3742 peculiari
2472 3630 3039 3741 supplicatione
3086 3633 3185 3714 ad
3227 3629 3540 3715 felicem

887 3793 1245 3878 laborum
1341 3801 1782 3879 vestrorum
1881 3794 2181 3879 exitum
2278 3792 2693 3904 implorare
2780 3793 3262 3879 decrevistis,
3361 3794 3540 3878 Non

889 3953 1099 4039 onim
1165 3954 1616 4039 dubitamus
1684 3953 1874 4065 quin
1942 3955 2227 4040 Sancta
2292 3953 2444 4038 Dei
2509 3953 2764 4038 Mater
2824 3981 2964 4038 vos
3029 3982 3301 4038 omnes
3355 3953 3540 4039 reli-

885 4114 1145 4224 gionis
1211 4114 1647 4200 rationibus
1712 4142 2030 4225 operam
2117 4120 2496 4199 navantes
2572 4114 2908 4226 propitia
2992 4115 3382 4225 respiciat,
3449 4142 3540 4199 ac

884 4279 1014 4389 pia
1079 4279 1337 4363 studia
1400 4286 1660 4365 vestra
1725 4309 1914 4366 suae
1990 4280 2506 4392 benignitatis
2583 4280 3042 4366 muneribus
3113 4309 3543 4392 prosequa-

885 4449 1038 4525 tur.
1106 4440 1270 4526 Nos
1315 4431 1618 4526 interea
1663 4442 2037 4553 egregiae
2085 4442 2512 4527 voluntatis
2559 4449 2863 4529 vestrae
2929 4441 3543 4553 significationes

887 4607 1214 4710 paterno
1279 4600 1571 4686 affectu
1637 4601 2274 4712 colnplectenteS‚
2341 4603 2562 4688 vobis
2608 4632 2697 4687 ac
2744 4602 3108 4687 omnibus
3153 4601 3234 4686 in
3279 4602 3542 4688 divino

887 4760 1204 4848 nomine
1271 4762 1798 4873 congregatis,
1865 4763 2207 4873 Deipara
2272 4763 2799 4850 conciliatrice
2873 4763 3357 4873 interposita,
3406 4768 3543 4850 ad-

886 4951 1301 5033 precamur
1364 4950 1462 5006 ex
1529 4925 1761 5008 corde
1825 4930 1916 5009 ut
1979 4923 2239 5034 gratia
2302 4925 2402 5009 D.
2470 4926 2566 5009 N.
2636 4928 2821 5011 Iesu
2888 4925 3181 5011 Christi
3268 4935 3348 5013 et
3414 4957 3544 5012 ca-

890 5085 1078 5170 ritas
1143 5085 1295 5171 Dei
1360 5093 1440 5171 et
1504 5085 2108 5172 communicatio
2174 5087 2444 5175 Sancti
2510 5087 2844 5200 Spiritus
2909 5088 3012 5173 sit
3061 5117 3241 5173 cum
3288 5088 3541 5174 omni-

887 5249 1038 5333 bus
1100 5247 1345 5351 vobis,
1411 5276 1501 5332 ac
1566 5247 1647 5331 in
1713 5246 2149 5359 auspicium
2213 5247 2456 5333 divini
2520 5249 2888 5360 praesidii
2955 5256 3035 5335 et
3098 5250 3179 5334 in
3245 5249 3537 5362 pignus

897 5407 1246 5494 sincerae
1333 5399 1773 5496 dilectionis
1858 5410 2192 5495 Nostrae
2274 5409 2806 5521 Apostolicam
2890 5411 3543 5498 Benedictionem
