4497 6714
1162 827 1322 907 202

898 1090 908 1097 .
1012 1014 1470 1118 redditibus,
1538 1022 1707 1100 tum
1772 1016 1944 1099 aliis
2006 1016 2284 1101 florere
2354 1014 3063 1100 commoditatibus.
3147 1013 3362 1117 Quae
3429 1043 3672 1123 quum

1016 1174 1126 1258 ita
1190 1175 1346 1260 sint
1411 1184 1490 1261 et
1552 1176 2004 1261 huiusmodi
2069 1177 2480 1289 dignitatis
2559 1184 2639 1262 et
2682 1175 3004 1262 honoris
3059 1175 3402 1261 accessio
3447 1175 3671 1261 valde

1017 1335 1368 1447 religiosi
1433 1337 1772 1422 instituti
1837 1338 2324 1441 incremento
2388 1342 2795 1451 profutura
2862 1338 3240 1442 videatur,
3294 1337 3674 1449 praedicti

1015 1497 1568 1583 Archiabbatis
1632 1501 1999 1611 precibus
2063 1505 2571 1588 annuendum
2658 1501 3302 1587 existimavimus,
3385 1501 3674 1585 Omnes

1018 1660 1263 1771 igitur
1297 1669 1378 1746 et
1441 1663 1819 1773 singulos,
1870 1664 2155 1773 quibus
2197 1662 2351 1749 hae
2397 1664 2748 1749 Litterae
2796 1665 3132 1749 Nostrae
3199 1665 3489 1767 favent,
3536 1691 3675 1773 pe-

1019 1820 1293 1905 culiari
1386 1824 1941 1909 benovolentia
2022 1825 2439 1937 complecti
2535 1826 2890 1911 volentes
2928 1891 2946 1928 ,
3016 1833 3096 1910 et
3161 1854 3208 1908 a
3272 1822 3677 1934 quibusvis

1031 1985 1862 2071 excommunicationis
1933 1994 2012 2071 et
2046 1986 2467 2091 interdicti,
2504 1986 2834 2097 aliisque
2871 1985 3424 2072 ecclesiasticis
3500 2013 3684 2069 cen-

1023 2146 1247 2247 suriS,
1315 2147 1726 2233 sententiis
1793 2156 1874 2233 et
1935 2149 2231 2258 poenis,
2321 2149 2594 2258 quovis
2678 2151 2935 2252 modo,
3019 2148 3145 2234 vel
3233 2145 3506 2258 quavis
3582 2149 3679 2232 de

1022 2336 1257 2393 causa
1320 2308 1498 2393 latis
1536 2377 1554 2414 ,
1622 2309 1683 2393 si
1756 2339 1949 2420 quas
2015 2312 2215 2395 forte
2283 2310 2756 2395 incurrerint
2791 2376 2809 2412 ,
2889 2308 3129 2393 huius
3194 2316 3501 2393 tantum
3567 2307 3682 2394 rei

1021 2467 1280 2577 gratia
1344 2468 1839 2553 absolventes
1906 2476 1986 2552 et
2050 2468 2450 2552 absolutos
2516 2471 2680 2554 fore
2740 2476 3182 2571 censenteS,
3230 2467 3683 2578 Apostolica

1022 2626 1514 2715 Auctoritate
1580 2630 1891 2731 Nostra,
1957 2627 2239 2713 harum
2305 2629 2786 2715 Litterarum
2851 2630 2951 2732 vi,
3017 2630 3466 2714 Prioratum
3511 2630 3681 2712 Mo-

1020 2785 1455 2871 nachorum
1521 2787 1831 2873 Ordinis
1879 2789 1955 2874 S.
2003 2788 2420 2874 Benedicti
2489 2787 3148 2899 Congregationis
3194 2787 3682 2873 Oassinensis

1022 2946 1104 3030 in
1168 2948 1650 3034 Novarcensi
1716 2952 2296 3034 foederatarum
2361 2947 2772 3033 Americae
2849 2946 3235 3031 ditionum
3318 2946 3682 3050 dioecesi,

1024 3138 1070 3192 a
1134 3106 1421 3193 Sancta
1486 3108 1732 3193 Maria
1797 3108 2309 3212 nominatum,
2357 3108 2439 3192 in
2482 3108 2904 3193 Abbatiam
2955 3106 3169 3192 haud
3214 3114 3680 3218 exemptam,

1030 3298 1173 3355 seu
1239 3273 1536 3381 absque
1603 3270 1996 3356 territorio
2041 3270 2334 3397 nullius
2379 3269 2783 3375 dioecesis,
2829 3277 3210 3382 perpetuo
3277 3269 3679 3381 erigimus,

1033 3462 1127 3518 ea
1190 3461 1502 3543 semper
1567 3443 1875 3519 servata
1939 3434 2145 3545 lege,
2211 3442 2302 3518 ut
2369 3433 2741 3519 canonica
2805 3432 3136 3517 Abbatis
3201 3431 3483 3518 electio
3548 3433 3684 3516 fiat

1027 3594 1247 3681 iuxta
1314 3595 1934 3681 Constitutiones
1999 3624 2139 3707 pro
2206 3595 2843 3706 Congregatione
2910 3594 3291 3679 Bavarica
3343 3592 3681 3703 Aposto-

1024 3756 1195 3842 licis
1259 3757 1388 3842 fel.
1456 3786 1612 3842 rec.
1681 3757 2123 3843 Innocentii
2187 3760 2346 3842 ΡΡ.
2397 3760 2519 3842 XI
2581 3755 2904 3842 Litteris
2978 3790 3020 3833 «
3066 3754 3681 3865 Circumspectio
3773 3811 3776 3815 -

1027 3925 1107 4002 et
1171 3917 1579 4003 militantis
1644 3919 2045 4005 Ecclesiae
2089 3954 2130 3996 »
2206 3920 2673 4030 approbatas
2741 3925 2821 4003 et
2884 3917 3104 4002 iuxta
3169 3946 3284 4022 ea,
3353 3945 3555 4026 quae
3601 3917 3681 4000 in

1028 4078 1201 4163 aliis
1264 4079 1589 4164 Litteris
1635 4109 1742 4164 sa.
1790 4109 1942 4165 me.
1988 4079 2114 4163 Pii
2148 4081 2269 4163 IX
2314 4078 2771 4164 Decessoris
2815 4077 3084 4163 Nostri
3129 4077 3256 4162 die
3301 4106 3483 4161 xx1v
3517 4076 3682 4160 Au-

1028 4241 1244 4351 gusti
1310 4270 1513 4327 anno
1609 4271 1959 4328 Mocccw
2024 4243 2226 4328 datis
2321 4243 2985 4354 praescribuntur.
3063 4240 3354 4326 Abbati
3417 4247 3684 4327 autem

1028 4402 1388 4513 legitime
1454 4403 1706 4489 electo
1773 4431 1866 4489 ea
1932 4410 2379 4514 competere
2444 4404 2618 4488 iura
2683 4410 2763 4489 et
2826 4400 3241 4513 privilegia
3294 4401 3680 4505 volumus,

949 4580 953 4584 ’
1033 4592 1234 4673 quae
1297 4593 1440 4675 per
1501 4572 1971 4650 memoratas
2040 4565 2662 4651 Constitutiones
2728 4563 3018 4649 Abbati
3095 4590 3252 4648 non
3319 4568 3683 4673 exempto

1032 4724 1510 4831 tribuuntur3
1580 4728 1789 4837 quod
1834 4755 2019 4812 vero
2064 4728 2163 4810 ad
2208 4726 2563 4813 eiusdem
2626 4727 2957 4812 Abbatis
3020 4726 3364 4837 insignia
3418 4734 3498 4811 et
3539 4724 3683 4810 ho-

1032 4911 1267 4969 nores
1303 4950 1322 4988 ,
1423 4885 1831 4970 decretum
1895 4885 2025 4971 fel.
2091 4915 2250 4971 rec.
2323 4885 2748 4971 Alexandri
2813 4887 2966 4973 VII
3050 4884 3689 4972 Praedecessoris

1032 5045 1325 5148 Nostri,
1394 5044 1521 5131 die
1586 5075 1772 5129 xx1x
1839 5046 2323 5156 Septembris
2388 5075 2591 5131 anno
2656 5074 2943 5131 Moomx
3010 5045 3331 5149 editum,
3399 5042 3692 5130 servari

1031 5201 1419 5288 iubemus.
1487 5201 2007 5289 Decernimus
2051 5204 2393 5315 denique
2440 5203 2584 5290 has
2628 5204 2971 5290 Litteras
3028 5206 3100 5288 N
3105 5211 3357 5290 ostras
3404 5205 3688 5305 firmas,

1032 5363 1329 5449 validas
1394 5370 1475 5449 et
1539 5364 1895 5451 efficaces
1958 5367 2149 5467 fore,
2196 5395 2538 5477 suosque
2604 5365 2996 5477 plenarios
3041 5373 3120 5451 et
3174 5365 3528 5475 integros
3573 5365 3686 5449 ef-
