<?xml version="1.0" encoding="UTF-8"?>
<!DOCTYPE html PUBLIC "-//W3C//DTD XHTML 1.0 Transitional//EN"
    "http://www.w3.org/TR/xhtml1/DTD/xhtml1-transitional.dtd">
<html xmlns="http://www.w3.org/1999/xhtml" xml:lang="en" lang="en">
 <head>
  <title>
</title>
<meta http-equiv="Content-Type" content="text/html;charset=utf-8" />
  <meta name='ocr-system' content='tesseract 3.04.00' />
  <meta name='ocr-capabilities' content='ocr_page ocr_carea ocr_par ocr_line ocrx_word'/>
</head>
<body>
  <div class='ocr_page' id='page_1' title='image "./leonisxiiiponti00churgoog_0150.png"; bbox 0 0 4497 6714; ppageno 0'>
   <div class='ocr_carea' id='block_1_1' title="bbox 1241 779 1390 858">
    <p class='ocr_par' dir='ltr' id='par_1_1' title="bbox 1241 779 1390 858">
     <span class='ocr_line' id='line_1_1' title="bbox 1241 779 1390 858; baseline 0 -1"><span class='ocrx_word' id='word_1_1' title='bbox 1241 779 1390 858; x_wconf 82' lang='lat'>138</span> 
     </span>
    </p>
   </div>
   <div class='ocr_carea' id='block_1_2' title="bbox 1082 957 3738 1688">
    <p class='ocr_par' dir='ltr' id='par_1_2' title="bbox 1082 957 3738 1688">
     <span class='ocr_line' id='line_1_2' title="bbox 1084 957 3733 1069; baseline 0 -28"><span class='ocrx_word' id='word_1_2' title='bbox 1084 958 1403 1043; x_wconf 89' lang='lat' dir='ltr'>minime</span> <span class='ocrx_word' id='word_1_3' title='bbox 1468 967 2026 1068; x_wconf 77' lang='lat' dir='ltr'>percunctatus</span> <span class='ocrx_word' id='word_1_4' title='bbox 2092 967 2266 1064; x_wconf 85' lang='lat' dir='ltr'>est3</span> <span class='ocrx_word' id='word_1_5' title='bbox 2336 989 2576 1069; x_wconf 88' lang='lat' dir='ltr'>quare</span> <span class='ocrx_word' id='word_1_6' title='bbox 2675 959 2960 1046; x_wconf 91' lang='lat' dir='ltr'>ceteris</span> <span class='ocrx_word' id='word_1_7' title='bbox 3047 958 3286 1044; x_wconf 90' lang='lat' dir='ltr'>etiam</span> <span class='ocrx_word' id='word_1_8' title='bbox 3371 957 3733 1044; x_wconf 89' lang='lat' dir='ltr'>omnibus</span> 
     </span>
     <span class='ocr_line' id='line_1_3' title="bbox 1082 1118 3735 1231; baseline 0 -29"><span class='ocrx_word' id='word_1_9' title='bbox 1082 1119 1455 1230; x_wconf 88' lang='lat' dir='ltr'>inspectis</span> <span class='ocrx_word' id='word_1_10' title='bbox 1520 1150 1721 1231; x_wconf 87' lang='lat' dir='ltr'>quae</span> <span class='ocrx_word' id='word_1_11' title='bbox 1784 1118 1936 1204; x_wconf 90' lang='lat' dir='ltr'>hac</span> <span class='ocrx_word' id='word_1_12' title='bbox 2002 1148 2241 1231; x_wconf 90' lang='lat' dir='ltr'>super</span> <span class='ocrx_word' id='word_1_13' title='bbox 2303 1148 2388 1205; x_wconf 90' lang='lat' dir='ltr'>re</span> <span class='ocrx_word' id='word_1_14' title='bbox 2456 1120 2938 1231; x_wconf 88' lang='lat' dir='ltr'>inspicienda</span> <span class='ocrx_word' id='word_1_15' title='bbox 3003 1128 3226 1206; x_wconf 87' lang='lat' dir='ltr'>erant</span> <span class='ocrx_word' id='word_1_16' title='bbox 3260 1185 3279 1223; x_wconf 82' lang='lat'>,</span> <span class='ocrx_word' id='word_1_17' title='bbox 3348 1118 3735 1205; x_wconf 79' lang='lat' dir='ltr'>Sanctitas</span> 
     </span>
     <span class='ocr_line' id='line_1_4' title="bbox 1086 1280 3736 1392; baseline -0 -25"><span class='ocrx_word' id='word_1_18' title='bbox 1086 1280 1243 1367; x_wconf 83' lang='lat' dir='ltr'>Sua</span> <span class='ocrx_word' id='word_1_19' title='bbox 1309 1288 1523 1365; x_wconf 88' lang='lat' dir='ltr'>certa</span> <span class='ocrx_word' id='word_1_20' title='bbox 1585 1280 1914 1366; x_wconf 88' lang='lat' dir='ltr'>scientia</span> <span class='ocrx_word' id='word_1_21' title='bbox 1977 1288 2356 1390; x_wconf 89' lang='lat' dir='ltr'>motuque</span> <span class='ocrx_word' id='word_1_22' title='bbox 2421 1281 2665 1366; x_wconf 80' lang='lat' dir='ltr'>veluti</span> <span class='ocrx_word' id='word_1_23' title='bbox 2712 1281 3048 1392; x_wconf 83' lang='lat' dir='ltr'>proprio,</span> <span class='ocrx_word' id='word_1_24' title='bbox 3094 1284 3351 1391; x_wconf 91' lang='lat' dir='ltr'>deque</span> <span class='ocrx_word' id='word_1_25' title='bbox 3397 1280 3736 1391; x_wconf 89' lang='lat' dir='ltr'>Aposto-</span> 
     </span>
     <span class='ocr_line' id='line_1_5' title="bbox 1084 1440 3738 1553; baseline -0 -26"><span class='ocrx_word' id='word_1_26' title='bbox 1084 1442 1280 1527; x_wconf 91' lang='lat' dir='ltr'>licae</span> <span class='ocrx_word' id='word_1_27' title='bbox 1346 1442 1756 1553; x_wconf 86' lang='lat' dir='ltr'>potestatis</span> <span class='ocrx_word' id='word_1_28' title='bbox 1819 1441 2308 1552; x_wconf 88' lang='lat' dir='ltr'>plenitudine</span> <span class='ocrx_word' id='word_1_29' title='bbox 2375 1442 2690 1553; x_wconf 83' lang='lat' dir='ltr'>singula</span> <span class='ocrx_word' id='word_1_30' title='bbox 2753 1440 2952 1527; x_wconf 87' lang='lat' dir='ltr'>haec</span> <span class='ocrx_word' id='word_1_31' title='bbox 3020 1471 3222 1552; x_wconf 91' lang='lat' dir='ltr'>quae</span> <span class='ocrx_word' id='word_1_32' title='bbox 3300 1450 3738 1552; x_wconf 89' lang='lat' dir='ltr'>sequuntur</span> 
     </span>
     <span class='ocr_line' id='line_1_6' title="bbox 1084 1602 2938 1688; baseline 0.002 -3"><span class='ocrx_word' id='word_1_33' title='bbox 1084 1602 1165 1686; x_wconf 91' lang='lat' dir='ltr'>in</span> <span class='ocrx_word' id='word_1_34' title='bbox 1232 1602 1568 1688; x_wconf 74' lang='lat' dir='ltr'>decretis</span> <span class='ocrx_word' id='word_1_35' title='bbox 1632 1602 1879 1688; x_wconf 82' lang='lat' dir='ltr'>voluit</span> <span class='ocrx_word' id='word_1_36' title='bbox 1949 1602 2302 1686; x_wconf 88' lang='lat' dir='ltr'>mandari</span> <span class='ocrx_word' id='word_1_37' title='bbox 2370 1610 2478 1687; x_wconf 80' lang='lat' dir='ltr'>et·</span> <span class='ocrx_word' id='word_1_38' title='bbox 2517 1603 2938 1688; x_wconf 81' lang='lat' dir='ltr'>observari.</span> 
     </span>
    </p>
   </div>
   <div class='ocr_carea' id='block_1_3' title="bbox 2363 1928 2425 2008">
    <p class='ocr_par' dir='ltr' id='par_1_3' title="bbox 2363 1928 2425 2008">
     <span class='ocr_line' id='line_1_7' title="bbox 2363 1928 2425 2008; baseline 0.016 -1"><span class='ocrx_word' id='word_1_39' title='bbox 2363 1928 2425 2008; x_wconf 92' lang='grc' dir='ltr'>Ι.</span> 
     </span>
    </p>
   </div>
   <div class='ocr_carea' id='block_1_4' title="bbox 1078 2244 3739 3160">
    <p class='ocr_par' dir='ltr' id='par_1_4' title="bbox 1078 2244 3739 3160">
     <span class='ocr_line' id='line_1_8' title="bbox 1273 2244 3739 2356; baseline 0.001 -28"><span class='ocrx_word' id='word_1_40' title='bbox 1273 2247 1378 2329; x_wconf 86' lang='lat' dir='ltr'>Et</span> <span class='ocrx_word' id='word_1_41' title='bbox 1441 2245 1807 2356; x_wconf 79' lang='lat' dir='ltr'>primum,</span> <span class='ocrx_word' id='word_1_42' title='bbox 1859 2247 2068 2354; x_wconf 93' lang='lat' dir='ltr'>quod</span> <span class='ocrx_word' id='word_1_43' title='bbox 2132 2248 2231 2330; x_wconf 90' lang='lat' dir='ltr'>ad</span> <span class='ocrx_word' id='word_1_44' title='bbox 2294 2274 2721 2356; x_wconf 86' lang='lat' dir='ltr'>perennem</span> <span class='ocrx_word' id='word_1_45' title='bbox 2788 2244 2905 2331; x_wconf 88' lang='lat' dir='ltr'>rei</span> <span class='ocrx_word' id='word_1_46' title='bbox 2946 2244 3405 2330; x_wconf 85' lang='lat' dir='ltr'>memoriam</span> <span class='ocrx_word' id='word_1_47' title='bbox 3439 2244 3611 2342; x_wconf 84' lang='lat' dir='ltr'>erit,</span> <span class='ocrx_word' id='word_1_48' title='bbox 3658 2244 3739 2330; x_wconf 90' lang='lat' dir='ltr'>in</span> 
     </span>
     <span class='ocr_line' id='line_1_9' title="bbox 1081 2403 3736 2516; baseline 0.001 -29"><span class='ocrx_word' id='word_1_49' title='bbox 1081 2403 1495 2489; x_wconf 80' lang='lat' dir='ltr'>Tabulario</span> <span class='ocrx_word' id='word_1_50' title='bbox 1562 2403 1894 2489; x_wconf 90' lang='lat' dir='ltr'>huiusce</span> <span class='ocrx_word' id='word_1_51' title='bbox 1961 2404 2242 2491; x_wconf 83' lang='lat' dir='ltr'>Sacrae</span> <span class='ocrx_word' id='word_1_52' title='bbox 2280 2404 2941 2516; x_wconf 80' lang='lat' dir='ltr'>Congregationis</span> <span class='ocrx_word' id='word_1_53' title='bbox 2976 2403 3555 2491; x_wconf 57' lang='lat' dir='ltr'>(lonsistorialis</span> <span class='ocrx_word' id='word_1_54' title='bbox 3600 2434 3736 2490; x_wconf 91' lang='lat' dir='ltr'>cu-</span> 
     </span>
     <span class='ocr_line' id='line_1_10' title="bbox 1081 2564 3737 2679; baseline 0 -29"><span class='ocrx_word' id='word_1_55' title='bbox 1081 2564 1521 2650; x_wconf 88' lang='lat' dir='ltr'>stodiantur</span> <span class='ocrx_word' id='word_1_56' title='bbox 1585 2565 1846 2651; x_wconf 84' lang='lat' dir='ltr'>onmia</span> <span class='ocrx_word' id='word_1_57' title='bbox 1911 2573 1992 2649; x_wconf 87' lang='lat' dir='ltr'>et</span> <span class='ocrx_word' id='word_1_58' title='bbox 2056 2564 2369 2676; x_wconf 81' lang='lat' dir='ltr'>singula</span> <span class='ocrx_word' id='word_1_59' title='bbox 2432 2567 2950 2670; x_wconf 82' lang='lat' dir='ltr'>Documenta,</span> <span class='ocrx_word' id='word_1_60' title='bbox 3020 2595 3221 2676; x_wconf 89' lang='lat' dir='ltr'>quae</span> <span class='ocrx_word' id='word_1_61' title='bbox 3285 2564 3436 2651; x_wconf 90' lang='lat' dir='ltr'>hac</span> <span class='ocrx_word' id='word_1_62' title='bbox 3501 2595 3737 2679; x_wconf 91' lang='lat' dir='ltr'>super</span> 
     </span>
     <span class='ocr_line' id='line_1_11' title="bbox 1078 2725 3737 2836; baseline 0.001 -27"><span class='ocrx_word' id='word_1_63' title='bbox 1078 2754 1163 2811; x_wconf 93' lang='lat' dir='ltr'>re</span> <span class='ocrx_word' id='word_1_64' title='bbox 1227 2726 1705 2836; x_wconf 91' lang='lat' dir='ltr'>perficienda</span> <span class='ocrx_word' id='word_1_65' title='bbox 1769 2725 2108 2812; x_wconf 88' lang='lat' dir='ltr'>liberum</span> <span class='ocrx_word' id='word_1_66' title='bbox 2194 2725 2596 2812; x_wconf 90' lang='lat' dir='ltr'>declarant</span> <span class='ocrx_word' id='word_1_67' title='bbox 2693 2755 3165 2811; x_wconf 89' lang='lat' dir='ltr'>consensum</span> <span class='ocrx_word' id='word_1_68' title='bbox 3270 2725 3737 2811; x_wconf 88' lang='lat' dir='ltr'>Antistitum</span> 
     </span>
     <span class='ocr_line' id='line_1_12' title="bbox 1081 2885 3735 2991; baseline 0 -18"><span class='ocrx_word' id='word_1_69' title='bbox 1081 2895 1253 2973; x_wconf 89' lang='lat' dir='ltr'>tum</span> <span class='ocrx_word' id='word_1_70' title='bbox 1319 2887 1871 2974; x_wconf 81' lang='lat' dir='ltr'>Cremonensis</span> <span class='ocrx_word' id='word_1_71' title='bbox 1938 2916 2119 2972; x_wconf 92' lang='lat' dir='ltr'>cum</span> <span class='ocrx_word' id='word_1_72' title='bbox 2183 2887 2646 2991; x_wconf 88' lang='lat' dir='ltr'>Mantuani;</span> <span class='ocrx_word' id='word_1_73' title='bbox 2714 2886 2906 2973; x_wconf 90' lang='lat' dir='ltr'>item</span> <span class='ocrx_word' id='word_1_74' title='bbox 2973 2887 3319 2973; x_wconf 80' lang='lat' dir='ltr'>Tabulae</span> <span class='ocrx_word' id='word_1_75' title='bbox 3385 2886 3468 2971; x_wconf 90' lang='lat' dir='ltr'>in</span> <span class='ocrx_word' id='word_1_76' title='bbox 3530 2885 3735 2974; x_wconf 91' lang='lat' dir='ltr'>hanc</span> 
     </span>
     <span class='ocr_line' id='line_1_13' title="bbox 1079 3022 2992 3160; baseline -0.001 -26"><span class='ocrx_word' id='word_1_77' title='bbox 1079 3079 1250 3137; x_wconf 87' lang='lat' dir='ltr'>rem</span> <span class='ocrx_word' id='word_1_78' title='bbox 1319 3047 1930 3160; x_wconf 84' lang='lat' dir='ltr'>corographicae</span> <span class='ocrx_word' id='word_1_79' title='bbox 1995 3051 2334 3135; x_wconf 85' lang='lat' dir='ltr'>Romam</span> <span class='ocrx_word' id='word_1_80' title='bbox 2401 3048 2732 3135; x_wconf 85' lang='lat' dir='ltr'>delatae.</span> <span class='ocrx_word' id='word_1_81' title='bbox 2985 3022 2992 3029; x_wconf 89' lang='lat'>.</span> 
     </span>
    </p>
   </div>
   <div class='ocr_carea' id='block_1_5' title="bbox 2349 3374 2453 3455">
    <p class='ocr_par' dir='ltr' id='par_1_5' title="bbox 2349 3374 2453 3455">
     <span class='ocr_line' id='line_1_14' title="bbox 2349 3374 2453 3455; baseline 0.01 -1"><span class='ocrx_word' id='word_1_82' title='bbox 2349 3374 2453 3455; x_wconf 91' lang='lat' dir='ltr'>II.</span> 
     </span>
    </p>
   </div>
   <div class='ocr_carea' id='block_1_6' title="bbox 1078 3692 3733 4290">
    <p class='ocr_par' dir='ltr' id='par_1_6' title="bbox 1078 3692 3733 4290">
     <span class='ocr_line' id='line_1_15' title="bbox 1264 3692 3732 3808; baseline 0.002 -30"><span class='ocrx_word' id='word_1_83' title='bbox 1264 3693 1621 3780; x_wconf 87' lang='lat' dir='ltr'>Aliorum</span> <span class='ocrx_word' id='word_1_84' title='bbox 1685 3702 1952 3781; x_wconf 88' lang='lat' dir='ltr'>autem</span> <span class='ocrx_word' id='word_1_85' title='bbox 1994 3694 2077 3778; x_wconf 91' lang='lat' dir='ltr'>in</span> <span class='ocrx_word' id='word_1_86' title='bbox 2118 3692 2668 3781; x_wconf 87' lang='lat' dir='ltr'>huiuscemodi</span> <span class='ocrx_word' id='word_1_87' title='bbox 2710 3725 2796 3783; x_wconf 91' lang='lat' dir='ltr'>re</span> <span class='ocrx_word' id='word_1_88' title='bbox 2838 3698 3290 3808; x_wconf 81' lang='lat' dir='ltr'>peragenda</span> <span class='ocrx_word' id='word_1_89' title='bbox 3351 3696 3732 3785; x_wconf 89' lang='lat' dir='ltr'>interesse</span> 
     </span>
     <span class='ocr_line' id='line_1_16' title="bbox 1078 3854 3730 3968; baseline 0 -27"><span class='ocrx_word' id='word_1_90' title='bbox 1078 3855 1564 3960; x_wconf 81' lang='lat' dir='ltr'>habentium,</span> <span class='ocrx_word' id='word_1_91' title='bbox 1632 3885 1775 3941; x_wconf 90' lang='lat' dir='ltr'>seu</span> <span class='ocrx_word' id='word_1_92' title='bbox 1838 3854 2132 3942; x_wconf 88' lang='lat' dir='ltr'>habere</span> <span class='ocrx_word' id='word_1_93' title='bbox 2198 3856 2788 3966; x_wconf 88' lang='lat' dir='ltr'>quomodolibet</span> <span class='ocrx_word' id='word_1_94' title='bbox 2828 3856 3500 3968; x_wconf 86' lang='lat' dir='ltr'>praesumentium</span> <span class='ocrx_word' id='word_1_95' title='bbox 3545 3886 3730 3944; x_wconf 93' lang='lat' dir='ltr'>con-</span> 
     </span>
     <span class='ocr_line' id='line_1_17' title="bbox 1080 4004 3733 4130; baseline 0.001 -28"><span class='ocrx_word' id='word_1_96' title='bbox 1080 4016 1369 4121; x_wconf 80' lang='lat' dir='ltr'>sensui,</span> <span class='ocrx_word' id='word_1_97' title='bbox 1437 4024 1825 4127; x_wconf 88' lang='lat' dir='ltr'>quatenus</span> <span class='ocrx_word' id='word_1_98' title='bbox 1861 4046 2056 4128; x_wconf 88' lang='lat' dir='ltr'>opus</span> <span class='ocrx_word' id='word_1_99' title='bbox 2100 4018 2225 4123; x_wconf 84' lang='lat' dir='ltr'>sit,</span> <span class='ocrx_word' id='word_1_100' title='bbox 2262 4017 2558 4128; x_wconf 84' lang='lat' dir='ltr'>placuit</span> <span class='ocrx_word' id='word_1_101' title='bbox 2601 4017 2840 4104; x_wconf 75' lang='lat' dir='ltr'>SSffio</span> <span class='ocrx_word' id='word_1_102' title='bbox 2886 4004 3248 4104; x_wconf 83' lang='lat' dir='ltr'>Pontifici</span> <span class='ocrx_word' id='word_1_103' title='bbox 3281 4017 3733 4130; x_wconf 87' lang='lat' dir='ltr'>Apostolica</span> 
     </span>
     <span class='ocr_line' id='line_1_18' title="bbox 1079 4176 2002 4290; baseline -0.002 -26"><span class='ocrx_word' id='word_1_104' title='bbox 1079 4176 1446 4290; x_wconf 89' lang='lat' dir='ltr'>supplere</span> <span class='ocrx_word' id='word_1_105' title='bbox 1511 4177 2002 4264; x_wconf 86' lang='lat' dir='ltr'>auctoritate.</span> 
     </span>
    </p>
   </div>
   <div class='ocr_carea' id='block_1_7' title="bbox 2327 4345 2475 4426">
    <p class='ocr_par' dir='ltr' id='par_1_7' title="bbox 2327 4345 2475 4426">
     <span class='ocr_line' id='line_1_19' title="bbox 2327 4345 2475 4426; baseline 0.014 -2"><span class='ocrx_word' id='word_1_106' title='bbox 2327 4345 2475 4426; x_wconf 91' lang='grc' dir='ltr'><strong>ΙΙΙ.</strong></span> 
     </span>
    </p>
   </div>
   <div class='ocr_carea' id='block_1_8' title="bbox 1078 4661 3731 5415">
    <p class='ocr_par' dir='ltr' id='par_1_8' title="bbox 1078 4661 3731 5415">
     <span class='ocr_line' id='line_1_20' title="bbox 1264 4661 3728 4775; baseline -0.001 -27"><span class='ocrx_word' id='word_1_107' title='bbox 1264 4661 1697 4773; x_wconf 90' lang='lat' dir='ltr'>Utriusque</span> <span class='ocrx_word' id='word_1_108' title='bbox 1764 4691 1957 4775; x_wconf 82' lang='lat' dir='ltr'>ergo</span> <span class='ocrx_word' id='word_1_109' title='bbox 2021 4663 2497 4749; x_wconf 89' lang='lat' dir='ltr'>Dioeceseos</span> <span class='ocrx_word' id='word_1_110' title='bbox 2561 4692 2740 4774; x_wconf 89' lang='lat' dir='ltr'>pars</span> <span class='ocrx_word' id='word_1_111' title='bbox 2805 4690 3007 4774; x_wconf 89' lang='lat' dir='ltr'>quae</span> <span class='ocrx_word' id='word_1_112' title='bbox 3065 4691 3245 4747; x_wconf 88' lang='lat' dir='ltr'>cum</span> <span class='ocrx_word' id='word_1_113' title='bbox 3281 4661 3444 4747; x_wconf 88' lang='lat' dir='ltr'>suis</span> <span class='ocrx_word' id='word_1_114' title='bbox 3478 4661 3728 4748; x_wconf 92' lang='lat' dir='ltr'>omni-</span> 
     </span>
     <span class='ocr_line' id='line_1_21' title="bbox 1080 4820 3728 4936; baseline 0.001 -31"><span class='ocrx_word' id='word_1_115' title='bbox 1080 4823 1231 4907; x_wconf 91' lang='lat' dir='ltr'>bus</span> <span class='ocrx_word' id='word_1_116' title='bbox 1293 4820 1593 4927; x_wconf 80' lang='lat' dir='ltr'>incolis,</span> <span class='ocrx_word' id='word_1_117' title='bbox 1642 4823 1876 4910; x_wconf 89' lang='lat' dir='ltr'>certis</span> <span class='ocrx_word' id='word_1_118' title='bbox 1938 4851 2096 4909; x_wconf 93' lang='lat' dir='ltr'>non</span> <span class='ocrx_word' id='word_1_119' title='bbox 2139 4823 2467 4910; x_wconf 87' lang='lat' dir='ltr'>servatis</span> <span class='ocrx_word' id='word_1_120' title='bbox 2529 4822 2936 4927; x_wconf 88' lang='lat' dir='ltr'>limitibus,</span> <span class='ocrx_word' id='word_1_121' title='bbox 2981 4821 3728 4936; x_wconf 68' lang='lat' dir='ltr'>Paroeciasfflaval-</span> 
     </span>
     <span class='ocr_line' id='line_1_22' title="bbox 1079 4982 3729 5096; baseline 0 -30"><span class='ocrx_word' id='word_1_122' title='bbox 1079 4982 1243 5067; x_wconf 88' lang='lat' dir='ltr'>lara</span> <span class='ocrx_word' id='word_1_123' title='bbox 1308 4989 1389 5068; x_wconf 94' lang='lat' dir='ltr'>et</span> <span class='ocrx_word' id='word_1_124' title='bbox 1453 4983 1792 5096; x_wconf 85' lang='lat' dir='ltr'>Cizzolo)</span> <span class='ocrx_word' id='word_1_125' title='bbox 1828 4987 1927 5069; x_wconf 91' lang='lat' dir='ltr'>ad</span> <span class='ocrx_word' id='word_1_126' title='bbox 1989 5013 2362 5095; x_wconf 88' lang='lat' dir='ltr'>praesens</span> <span class='ocrx_word' id='word_1_127' title='bbox 2405 4983 2835 5087; x_wconf 79' lang='lat' dir='ltr'>constituit,</span> <span class='ocrx_word' id='word_1_128' title='bbox 2871 4982 3328 5093; x_wconf 87' lang='lat' dir='ltr'>Apostolica</span> <span class='ocrx_word' id='word_1_129' title='bbox 3390 4982 3729 5069; x_wconf 90' lang='lat' dir='ltr'>auctori-</span> 
     </span>
     <span class='ocr_line' id='line_1_23' title="bbox 1078 5143 3731 5232; baseline -0 -3"><span class='ocrx_word' id='word_1_130' title='bbox 1078 5150 1243 5230; x_wconf 92' lang='lat' dir='ltr'>tate</span> <span class='ocrx_word' id='word_1_131' title='bbox 1307 5174 1354 5228; x_wconf 90' lang='lat' dir='ltr'>a</span> <span class='ocrx_word' id='word_1_132' title='bbox 1416 5143 1586 5230; x_wconf 93' lang='lat' dir='ltr'>iure</span> <span class='ocrx_word' id='word_1_133' title='bbox 1653 5143 2040 5230; x_wconf 89' lang='lat' dir='ltr'>ordinario</span> <span class='ocrx_word' id='word_1_134' title='bbox 2106 5144 2573 5231; x_wconf 88' lang='lat' dir='ltr'>Antistitum</span> <span class='ocrx_word' id='word_1_135' title='bbox 2667 5152 2840 5230; x_wconf 91' lang='lat' dir='ltr'>tum</span> <span class='ocrx_word' id='word_1_136' title='bbox 2905 5144 3455 5232; x_wconf 85' lang='lat' dir='ltr'>Cremonensis</span> <span class='ocrx_word' id='word_1_137' title='bbox 3551 5173 3731 5229; x_wconf 90' lang='lat' dir='ltr'>cum</span> 
     </span>
     <span class='ocr_line' id='line_1_24' title="bbox 1081 5303 3229 5415; baseline 0.001 -27"><span class='ocrx_word' id='word_1_138' title='bbox 1081 5303 1489 5388; x_wconf 86' lang='lat' dir='ltr'>Mantuani</span> <span class='ocrx_word' id='word_1_139' title='bbox 1557 5303 1873 5389; x_wconf 90' lang='lat' dir='ltr'>omnino</span> <span class='ocrx_word' id='word_1_140' title='bbox 1939 5304 2449 5390; x_wconf 87' lang='lat' dir='ltr'>subtrahatur</span> <span class='ocrx_word' id='word_1_141' title='bbox 2513 5313 2750 5415; x_wconf 91' lang='lat' dir='ltr'>atque</span> <span class='ocrx_word' id='word_1_142' title='bbox 2818 5305 3229 5392; x_wconf 83' lang='lat' dir='ltr'>eximatur.</span> 
     </span>
    </p>
   </div>
  </div>
 </body>
</html>
