4497 6714
1190 767 1293 841 82

1038 948 1497 1034 Pontificiae
1596 946 2195 1033 Constitutionis
2299 947 2758 1059 Apostole'cac
2844 947 3058 1033 Sedis
3152 944 3690 1055 designantur,

1041 1137 1399 1218 quaeque
1468 1116 1738 1193 contra
1800 1106 2241 1192 Ecclesiam
2304 1106 2431 1192 vel
2475 1105 2874 1217 legitimas
2917 1112 3350 1217 potestates
3395 1104 3694 1190 machi-

1038 1275 1349 1373 nantur,
1417 1269 1580 1353 sive
1648 1267 1726 1352 id
1793 1267 1995 1352 clam
2060 1266 2223 1352 sive
2289 1266 2548 1376 palam
2613 1266 2966 1369 fecerint,
3036 1265 3201 1352 sive
3259 1266 3694 1378 exegerint,

1037 1427 1200 1513 sive
1268 1456 1447 1530 non,
1515 1459 1560 1513 a
1624 1428 1787 1513 suis
1853 1427 2173 1513 asseclis
2238 1427 2525 1512 secreti
2593 1426 2951 1512 servandi
3016 1425 3569 1512 iuramentum.

1220 1583 1341 1672 4.⁰
1405 1591 1733 1675 Praeter
1796 1588 1985 1673 istas
2051 1594 2236 1672 sunt
2283 1595 2362 1672 et
2407 1586 2604 1670 aliae
2650 1593 2913 1671 sectae
2958 1584 3402 1696 prohibitae
3450 1593 3687 1697 atque

1028 1749 1174 1833 sub
1240 1748 1502 1859 gravis
1568 1748 1842 1858 culpae
1906 1755 2132 1833 reatu
2196 1746 2613 1850 vitandae,
2694 1746 2902 1832 inter
2989 1775 3183 1856 quas
3266 1747 3686 1857 praecipue

1031 1909 1557 1994 recensendae
1625 1908 1805 1992 illae
1895 1936 2168 1994 omnes
2206 1972 2225 2010 ‚
2297 1935 2499 2016 quae
2582 1937 2628 1990 a
2692 1907 3213 1992 sectatoribus
3296 1918 3692 2012 secretum

1033 2069 1328 2155 nemini
1391 2073 1893 2181 pandendum
1930 2137 1949 2174 ‚
2019 2078 2099 2155 et
2165 2069 2692 2155 omnimodam
2760 2068 3289 2155 obedientiam
3367 2058 3716 2154 occultis

1032 2230 1364 2315 ducibus
1428 2234 1979 2341 praestandam
2043 2231 2545 2316 iureiurando
2613 2230 2967 2343 exigunt.
3051 2230 3695 2316 Animadverten-

1034 2394 1224 2476 dum
1288 2392 1609 2505 insuper
1673 2400 1818 2495 est,
1886 2397 2161 2480 adesse
2229 2394 2644 2478 nonnullas
2712 2393 3169 2497 societateS‚
3240 2421 3441 2503 quae
3509 2392 3695 2477 licet

1035 2561 1248 2641 certo
1314 2555 1552 2640 statui
1622 2562 1985 2666 nequeat,
2052 2555 2498 2667 pertineant
2564 2583 2811 2640 necne
2877 2557 2977 2639 ad
3039 2552 3206 2656 has,
3277 2582 3471 2663 quas
3526 2581 3694 2637 me-

1036 2715 1514 2800 moravimus
1551 2783 1570 2820 ‚
1639 2717 1924 2803 dubiae
1966 2688 2259 2804 'tamen
2325 2725 2407 2803 et
2468 2716 2796 2829 periculi
2861 2716 3141 2827 plenae
3207 2721 3446 2819 sunt,
3525 2721 3696 2800 tum

1038 2878 1135 2962 ob
1203 2875 1599 2962 doctrinas
1664 2907 1860 2988 quas
1924 2879 2436 2990 profitentur,
2501 2885 2686 2962 tum
2737 2878 2836 2962 ob
2935 2876 3223 2987 agendi
3307 2876 3690 2962 rationem

1036 3065 1273 3146 quam
1338 3046 1782 3147 sequuntur
1843 3038 1953 3140 ii,
2026 3038 2313 3149 quibus
2378 3037 2709 3123 ducibus
2775 3037 2989 3149 ipsae
3079 3037 3542 3123 coaluerunt
3619 3044 3699 3123 et

1036 3204 1447 3309 reguntur.
1515 3197 1637 3283 Ab
1698 3197 1828 3284 his
1895 3200 2135 3284 etiam
2202 3198 2617 3286 Sacrorum
2661 3197 3101 3302 AntistiteS‚
3170 3197 3457 3308 quibus
3514 3225 3698 3309 ger-

1036 3388 1268 3444 mana
1334 3356 1629 3445 Christi
1695 3361 1889 3445 fides
1955 3367 2035 3446 et
2098 3388 2409 3446 morum
2493 3359 2907 3471 integritas
2991 3359 3376 3446 maximae
3466 3388 3698 3445 curae

1042 3548 1215 3605 esse
1282 3520 1576 3622 debet,
1643 3520 2003 3605 noverint
2067 3549 2253 3606 oves
2318 3549 2501 3604 suas
2583 3521 3091 3605 deterrendas
3179 3526 3259 3604 et
3324 3520 3698 3604 arcendas

1045 3708 1243 3783 esse,
1312 3687 1392 3766 et
1426 3679 1872 3789 eoquidem
1917 3680 2400 3792 diligentiuS‚
2440 3682 2673 3789 quod,
2711 3681 2808 3766 ob
2846 3685 3234 3764 servatam
3278 3681 3374 3763 ab
3419 3679 3698 3765 iisdem

1042 3843 1436 3951 quandam
1504 3838 1947 3926 honestatis
2012 3840 2380 3950 speciem,
2419 3842 2907 3952 corruptelae
2972 3841 3435 3953 periculum,
3492 3845 3701 3952 quod

1038 4000 1120 4083 in
1186 3998 1374 4111 ipsis
1439 4001 1657 4104 latet,
1724 4000 2116 4086 difficilius
2181 4033 2227 4085 a
2293 4001 2779 4112 simplicibus
2844 4003 3307 4114 praesertim
3352 4001 3691 4088 homini-

1039 4161 1189 4244 bus
1255 4166 1335 4245 et
1398 4160 2035 4246 adolescentibus
2102 4161 2522 4271 persentiri
2589 4169 2669 4246 et
2734 4162 3181 4273 praecaveri
3246 4162 3559 4272 poterit.

1238 4315 1354 4403 5.⁰
1418 4321 1622 4406 Rem
1687 4320 2013 4430 proinde
2102 4320 2396 4407 facient
2480 4320 2680 4407 sacri
2763 4324 3131 4408 Pastores
3196 4289 3376 4408 suis:
3426 4321 3702 4409 ovibus

1046 4478 1397 4590 apprime
1462 4479 1740 4566 utilem
1807 4487 1888 4565 et
1951 4480 2364 4566 Sanctitati
2430 4480 2634 4567 Suae
2698 4482 3290 4594 periucundam,
3351 4483 3416 4569 si
3474 4511 3702 4595 prae-

1046 4645 1170 4724 ter
1235 4667 1650 4725 commune
1718 4647 1798 4726 et
1861 4640 2242 4726 usitatum
2310 4640 2821 4727 concionandi
2867 4671 3147 4754 genuS,
3195 4646 3405 4753 quod
3449 4643 3700 4729 omni-

1046 4829 1148 4888 no
1213 4800 1715 4888 retinendum
1781 4810 1925 4908 est,
1971 4803 2168 4888 illud
2231 4803 2693 4915 adiungent,
2741 4807 2952 4915 quod
3016 4805 3528 4892 defendendis
3574 4834 3702 4890 ca-

1048 4958 1365 5045 tholicis
1428 4960 1892 5046 veritatibus
1959 4961 2318 5047 adhiberi
2383 4962 2606 5067 solet,
2675 4971 2755 5049 et
2819 4963 3312 5075 aptissimum
3360 4973 3481 5051 est
3522 4993 3706 5077 pro-

1045 5121 1410 5233 fligandis
1477 5122 1897 5227 erroribus,
1965 5152 2163 5234 quos
2228 5123 2466 5207 latius
2531 5130 2612 5209 et
2656 5124 2997 5211 maximo
3045 5153 3225 5210 cum
3272 5125 3709 5211 animarnm

1046 5281 1518 5368 detrimento
1585 5281 1820 5368 hodie
1884 5283 2379 5370 disseminari
2443 5267 2941 5394 Apostolicae
3009 5285 3359 5372 Litterae
3405 5292 3702 5375 Huma-
