4497 6714
3258 828 3361 907 67

862 1037 1093 1095 mano
1157 1011 1433 1121 generi
1479 1011 1956 1121 comparavit
1999 1017 2079 1096 et
2126 1011 2593 1095 Franciscus
2658 1017 2977 1095 secutus
3041 1017 3185 1097 est.
3234 1010 3512 1096 Liber-

860 1174 1108 1256 tatem
1171 1170 1504 1256 dicimus
1544 1177 1887 1285 filae'orzmz
1952 1178 2115 1276 Dei,
2182 1203 2324 1284 per
2391 1202 2627 1283 quam
2715 1200 2861 1258 nec
2939 1173 3297 1275 Satanae,
3362 1199 3510 1257 nec

862 1328 1443 1441 cupiditatibuS,
1508 1331 2103 1443 improbissimis
2136 1333 2495 1437 dominiS,
2542 1333 3015 1419 serviamus:
3065 1334 3511 1420 fraternita-

859 1496 1046 1592 tem,
1117 1491 1339 1576 cuius
1373 1489 1455 1575 in
1497 1492 1668 1577 Deo
1713 1493 2107 1591 communi
2153 1493 2503 1579 omnium
2544 1499 3040 1604 procreatore
3076 1499 3157 1578 et
3187 1497 3513 1602 parente

862 1651 1237 1737 consistat
1321 1652 1574 1765 origo:
1653 1654 2237 1764 aequalitatem,
2327 1682 2527 1765 quae
2598 1653 2942 1739 iustitiae
3009 1644 3512 1763 caritatisque

859 1815 1286 1900 constituta
1360 1817 1887 1903 fundamentis
1915 1883 1934 1921 ,
2012 1845 2170 1902 non
2257 1816 2518 1903 omnia
2599 1816 2822 1902 tollat
2884 1815 3093 1900 inter
3152 1812 3514 1901 homines

856 1974 1329 2079 discrimina,
1398 1979 1538 2063 sed
1583 2006 1678 2063 ex
1722 1978 1954 2089 vitae,
2001 1977 2455 2082 officiorum,
2493 1976 3090 2088 studiorumque
3133 1976 3513 2063 varietate

855 2135 1139 2221 mirum
1208 2137 1431 2223 illum
1498 2168 1968 2226 consensum
2032 2139 2318 2227 efficiat
2382 2147 2462 2226 et
2508 2139 2750 2250 'quasi
2816 2146 3331 2244 concentum,
3379 2138 3513 2250 qui

854 2304 1135 2383 natura
1200 2303 1297 2384 ad
1360 2299 1784 2385 utilitatem
1848 2301 2192 2412 pertinet
2254 2300 2884 2413 dignitatemque
2950 2300 3281 2388 civilem.

1039 2461 1303 2549 Tertio
1346 2461 1520 2548 loco
1555 2492 1713 2547 una
1756 2465 2143 2574 quaedam
2184 2491 2313 2549 res
2358 2469 2502 2567 est,
2549 2492 2595 2546 a
2637 2461 3064 2547 maioribus
3111 2460 3508 2573 sapienter

850 2621 1248 2726 instituta,
1302 2626 1736 2733 eademque
1780 2631 2225 2735 temporum
2260 2653 2496 2709 cursu
2540 2623 3012 2728 intermissa,
3061 2651 3262 2733 quae
3306 2629 3508 2708 tam-

855 2814 1090 2895 quam
1158 2786 1558 2896 exemplar
1602 2792 1682 2873 et
1726 2786 1976 2870 forma
2019 2788 2117 2869 ad
2160 2784 2416 2870 simile
2482 2784 2777 2895 aliquid
2843 2785 3102 2871 valere
3149 2784 3230 2869 in
3289 2813 3511 2897 prae-

852 2946 1107 3033 sentia
1150 2954 1433 3058 potest.
1483 2996 1596 3011 —
1631 2945 1955 3033 Scholas
1990 2974 2133 3031 seu
2167 2945 2506 3057 collegia
2539 2945 2906 3056 opificum
2960 2944 3504 3057 intelligimuS,

848 3110 1085 3195 rebus
1152 3107 1385 3193 simul
1431 3115 1511 3194 et
1553 3107 1925 3207 moribus„
1973 3110 2172 3193 duce
2237 3106 2662 3219 religione,
2729 3106 3101 3192 tutandis
3157 3104 3507 3211 Quorum

848 3269 1366 3383 collegiorum
1430 3270 1854 3355 utilitatem
1918 3269 1985 3354 si
2049 3269 2388 3355 maiores
2420 3268 2666 3355 nostri
2731 3267 3081 3353 diuturni
3126 3267 3503 3382 temporis

848 3462 998 3517 usu
1042 3439 1123 3518 et
1162 3432 1737 3544 periclitatione
1801 3439 2263 3533 senserunt,
2329 3431 2619 3517 sentiet
2661 3432 2991 3517 fortasse
3053 3430 3310 3544 magis
3371 3460 3503 3518 ae-

846 3599 965 3678 tas
1007 3600 1298 3696 nostra,
1344 3600 1761 3704 propterea
1818 3595 2029 3703 quod
2071 3592 2564 3704 singularem
2605 3590 2904 3678 habent
2960 3594 3059 3678 ad
3103 3592 3506 3679 elidendas

846 3760 1239 3840 sectarum
1288 3755 1495 3841 vires
1539 3753 2229 3866 opportunitatem.
2301 3751 2449 3857 Qui
2513 3755 2878 3838 mercede
2911 3782 3291 3838 manuum
3332 3753 3503 3840 ino-

846 3919 1056 4030 piam
1120 3919 1501 4023 tolerant,
1566 3924 2119 4029 praeterquam
2199 3920 2410 4028 quod
2484 3916 2654 4029 ipsa
2719 3944 2991 4003 eorum
3058 3916 3503 4003 conditione

843 4081 982 4165 uni
1028 4109 1126 4166 ex
1169 4080 1532 4166 omnibus
1579 4086 1765 4165 sunt
1799 4079 2124 4166 caritate
2173 4080 2613 4189 solatioque
2648 4077 3117 4190 dignissimi,
3162 4076 3501 4165 maxime

845 4248 1255 4353 praeterea
1298 4247 1571 4351 patent
1604 4240 1997 4327 illecebris
2043 4239 2576 4353 grassantium
2609 4269 2750 4352 per
2792 4242 3108 4326 fraudes
3142 4246 3223 4326 et
3255 4240 3499 4325 dolos.

846 4402 1103 4509 Quare
1168 4402 1487 4489 iuvandi
1553 4410 1736 4489 sunt
1793 4403 2086 4490 maiore
2133 4433 2290 4514 qua
2331 4410 2591 4515 potest
2645 4402 3166 4515 benignitate,
3234 4410 3317 4489 et
3378 4402 3501 4488 in-

842 4563 1140 4650 vitandi
1185 4566 1283 4648 ad
1324 4563 1744 4650 societates
1786 4562 2185 4669 honestas,
2254 4593 2354 4650 ne
2420 4562 2981 4677 pertrahantur
3045 4566 3145 4649 ad
3200 4571 3500 4676 turpes,

845 4726 1108 4812 Huius
1150 4726 1265 4811 rei
1312 4756 1588 4812 caussa
1651 4726 1989 4839 collegia
2052 4726 2187 4811 illa
2251 4755 2732 4839 magnopere
2774 4725 3159 4812 vellemus
3234 4725 3499 4839 auspi-

846 4886 985 4972 ciis
1048 4886 1642 4998 patrocinioque
1725 4886 2298 4998 Episcoporum
2384 4886 2943 4973 convenienter
3006 4885 3498 4999 temporibus

843 5047 941 5129 ad
1005 5044 1343 5132 salutem
1405 5045 1660 5157 plebis
1721 5046 2014 5158 passim
2065 5046 2454 5133 restituta.
2542 5046 2711 5133 Nec
2773 5046 3276 5134 mediocriter
3338 5048 3502 5135 Nos

842 5206 1210 5310 delectat,
1257 5209 1468 5317 quod
1509 5205 1867 5318 pluribus
1900 5205 2055 5291 iam
2090 5205 2283 5293 locis
2328 5207 2778 5294 sodalitates
2813 5206 3221 5310 eiusmodi,
3267 5208 3499 5295 item-

846 5396 1000 5477 que
1068 5374 1341 5453 coetus
1401 5373 1909 5478 patronorum
1954 5367 2362 5454 constituti
2406 5367 2562 5453 sint
2601 5391 2619 5457 ζ
2692 5368 2978 5478 quibus
3011 5369 3499 5481 propositum
