4497 6714
3121 788 3264 865 155

766 972 975 1078 quod
1039 973 1387 1054 nondum
1434 1001 1478 1054 a
1525 971 1880 1081 Collegio
1938 970 2287 1081 regionis
2323 1000 2511 1055 suae
2549 970 2974 1055 constituto
3008 977 3416 1080 peractum

762 1132 1040 1235 fuerat,
1108 1131 1574 1217 auctoritate
1642 1160 1986 1241 curaque
2052 1132 2363 1226 Nostra,
2430 1130 2834 1241 fastigium
2923 1129 3416 1239 imponentes

761 1291 1022 1402 operi,
1090 1293 1670 1403 perficeremus.
1749 1293 1912 1378 Nos
1999 1293 2266 1402 itaque
2352 1291 2566 1377 haud
2632 1294 3161 1376 cunctandum
3238 1290 3411 1395 rati,

762 1454 1375 1561 eorumdemque
1463 1452 2053 1538 Venerabilium
2128 1455 2496 1536 Fratrum
2582 1451 3129 1537 communibus
3212 1450 3414 1535 votis

760 1613 1322 1717 obsecundare,
1362 1614 1820 1725 clerumque
1869 1622 1949 1700 ct
1993 1614 2265 1698 fideles
2310 1613 2798 1698 americanae
2833 1612 3180 1723 regionis
3216 1640 3416 1696 novo

760 1752 913 1857 hoc
978 1773 1262 1858 amoris
1326 1775 1775 1861 testimonio
1822 1776 2189 1886 prosequi
2239 1775 2669 1884 cupientes,
2707 1777 3113 1859 decretum
3160 1802 3205 1856 a
3249 1801 3414 1857 me-

758 1941 1059 2018 morato
1125 1935 1359 2020 Sacro
1428 1935 1773 2021 Consilio
1841 1936 2140 2021 editum
2206 1966 2445 2047 super
2518 1934 3084 2021 constitutione
3156 1934 3414 2019 Colle-

758 2093 870 2204 gii
919 2093 1399 2181 Clericorum
1445 2124 1586 2206 pro
1633 2098 2055 2183 foederatis
2099 2097 2511 2183 Americac
2558 2096 3211 2208 Septentrionalis
3255 2102 3414 2179 sta-

756 2254 992 2359 tibus,
1042 2286 1222 2341 cum
1269 2257 1634 2342 omnibus
1701 2266 1782 2343 et
1846 2257 2184 2370 singulis
2229 2258 2309 2341 in
2355 2257 2489 2342 illo
2557 2259 2993 2362 contentis,
3050 2255 3416 2341 Auctori-

756 2424 919 2502 tate
985 2416 1437 2528 Apostolica
1537 2425 1812 2505 tenore
1899 2418 2435 2530 praesentium
2520 2419 3115 2520 confirmanmS,
3184 2416 3414 2527 eique

757 2576 1225 2661 inviolabilis
1293 2577 1791 2688 Apostolicae
1856 2578 2247 2663 firmitatis
2293 2581 2533 2663 robur
2574 2577 3006 2679 adiicimuS,
3053 2607 3144 2662 ac
3188 2605 3414 2688 prae·

756 2748 975 2827 terea
1038 2745 1136 2825 ad
1201 2742 1577 2827 maiorem
1644 2742 1795 2827 Dei
1862 2741 2222 2852 gloriam,
2294 2744 2392 2824 ad
2458 2741 3034 2826 incrementum
3083 2738 3414 2825 catholi-

756 2930 893 2987 cae
958 2901 1387 3012 religionis,
1456 2903 1553 2985 ad
1600 2904 1842 2987 decus
1887 2900 2472 3011 utilitatemque
2518 2928 2854 3011 magnae
2900 2898 3414 3010 Reipublicae

750 3064 1331 3149 foederatorum
1397 3062 1809 3149 Americac
1906 3062 2554 3172 Septentrienalis
2640 3069 2993 3146 statuum
3028 3127 3046 3163 ,
3137 3064 3412 3148 eadem

753 3223 1223 3309 auctoritate
1259 3231 1532 3309 tenore
1578 3222 2113 3334 praesentium
2157 3222 2367 3308 idem
2404 3222 2847 3333 Collegium
2884 3222 2963 3306 in
3017 3221 3168 3308 hac
3213 3224 3419 3310 alma

753 3389 967 3472 Urbe
1033 3386 1250 3470 iuxta
1317 3386 1730 3471 canonicas
1796 3414 2107 3470 normas
2143 3384 2524 3496 erigimus
2571 3393 2651 3482 et
2698 3385 3271 3490 constituimuS,
3324 3416 3415 3472 ac

756 3547 1071 3633 nominc
1098 3554 1177 3632 et
1210 3546 1441 3632 titulo
1475 3546 1891 3632 Pontificio
1936 3548 2425 3647 decoramUS,
2475 3544 2893 3655 eidemque
2932 3546 3193 3630 onmia
3218 3546 3414 3650 iura,

753 3708 1339 3819 praerogativas
1375 3773 1393 3809 ,
1470 3706 1886 3818 privilegia
1960 3705 2413 3791 huiusmodi
2482 3705 3019 3817 Collegiorum
3107 3708 3420 3818 propria

757 3870 1258 3957 attribuimus
1326 3877 1407 3954 et
1472 3868 1935 3979 elargimur,
1983 3871 2082 3951 ad
2128 3868 2354 3978 leges
2422 3895 2621 3976 quae
2688 3865 2889 3951 infra
2952 3878 3415 3978 sequuntur.

945 4035 1006 4116 I.
1077 4032 1510 4117 Cardinalis
1577 4031 1791 4118 Sacri
1857 4030 2181 4115 Consilii
2251 4028 2700 4115 Christiano
2767 4030 3062 4114 nomini
3137 4060 3419 4143 propa-

756 4198 1017 4306 gando
1083 4196 1543 4279 Praefectus
1607 4223 1746 4304 pro
1812 4201 2164 4303 tempore
2257 4191 2603 4277 existens
2636 4258 2655 4294 ,
2742 4191 2949 4276 idem
3036 4199 3418 4303 perpetuo

760 4357 1149 4440 Patronus
1217 4354 1552 4465 Collegii
1617 4360 1839 4439 esto:
1906 4353 2300 4464 idemque,
2337 4352 2473 4436 ubi
2541 4359 3072 4464 opportunum
3119 4354 3265 4438 sibi
3304 4354 3420 4439 vi-

762 4543 937 4598 sum
1003 4513 1265 4616 fuerit,
1301 4514 1739 4599 adiutorem
1776 4513 1923 4597 sibi
1971 4513 2049 4596 in
2097 4542 2191 4598 eo
2235 4541 2563 4597 munere
2612 4515 2962 4622 gerendo
3008 4514 3411 4624 deligendi

761 4682 842 4760 et
906 4673 1435 4761 constituendi
1498 4674 1667 4759 iure
1734 4676 2058 4758 fruatur.

944 4837 1050 4920 II.
1118 4835 1711 4922 Administratio
1775 4836 2141 4921 universa
2206 4835 2543 4947 Collegii
2609 4839 2707 4921 ab
2773 4835 3417 4949 Archiepiscopis

763 5004 843 5083 et
904 4996 1313 5107 Episcopis
1378 4997 2000 5082 Foederatorum
2068 4995 2436 5082 Statuum
2481 4996 2895 5083 Americac
2934 4999 3426 5109 Septentrio-

762 5156 983 5261 naliS,
1049 5157 1174 5242 vel
1239 5186 1284 5241 a
1349 5157 1857 5244 Praesulibus
1922 5159 2018 5241 ab
2086 5156 2274 5269 ipsis
2339 5160 2437 5242 ad
2502 5157 2583 5242 id
2647 5159 2994 5245 muneris
3061 5159 3423 5270 legitime

770 5316 1188 5426 deputatiS,
1258 5324 1604 5426 geratur.
