4497 6714
3313 811 3413 887 99

913 984 1216 1071 minum
1280 989 1667 1072 curandae
1703 1054 1721 1089 ,
1790 995 1870 1074 et
1935 990 2296 1074 sanandis
2363 990 2758 1075 societatis
2842 988 3233 1075 humanae
3331 991 3557 1075 malis

914 1175 1199 1234 navare
1263 1156 1653 1235 tenentur.
1724 1149 2212 1262 Quapropter
2278 1153 2462 1253 Nos,
2530 1152 2722 1237 Ven.
2790 1153 3071 1237 Frater
3105 1218 3124 1255 ,
3191 1158 3363 1236 tum
3427 1181 3561 1238 eo-

913 1337 1089 1392 rum
1154 1310 1288 1420 qui
1353 1317 1489 1395 tuo
1557 1311 1988 1398 Seminario
2053 1319 2470 1422 praesunt,
2537 1318 2707 1395 tum
2770 1311 3266 1396 alumnorum
3330 1341 3561 1424 egre-

913 1468 1128 1579 giam
1189 1470 1675 1556 voluntatem
1742 1474 2402 1575 commendamus,
2469 1500 2559 1556 ac
2624 1479 2760 1556 tuo
2825 1471 2994 1557 zelo
3062 1472 3196 1582 qui
3258 1473 3559 1582 praeci-

911 1657 1147 1739 puam
1214 1656 1482 1713 curam
1546 1629 1625 1712 in
1690 1658 1776 1715 re
1842 1630 2304 1741 gravissima
2346 1630 2733 1741 impendis
2795 1630 3000 1715 ultro
3046 1630 3558 1740 gratulanteS,

918 1787 1061 1872 tibi
1125 1818 1413 1873 munus
1480 1790 2041 1876 committimus
2104 1799 2195 1876 ut
2261 1790 2357 1875 iis
2420 1792 2707 1876 Nostro
2765 1790 3079 1876 nomine
3136 1791 3558 1899 patefacias

914 1957 1233 2061 gratum
1299 1951 1691 2053 solatium,
1760 1955 1971 2062 quod
2053 1952 2301 2038 Nobis
2366 1979 2636 2037 eorum
2722 1951 3032 2037 litterae
3096 1951 3553 2036 attulerunt.

911 2111 1288 2222 Optamus
1352 2142 1583 2225 porro
1650 2123 1738 2199 ut
1802 2115 2089 2200 Nostra
2154 2115 2726 2200 commendatio
2794 2115 2888 2200 iis
2954 2115 3318 2200 omnibus
3362 2115 3555 2200 inci-

910 2280 1258 2360 tamento
1324 2275 1448 2379 sit,
1485 2262 1573 2360 ut
1637 2276 1716 2360 in
1784 2276 1952 2363 dies
2017 2277 2350 2362 alacrius
2416 2280 2515 2361 ad
2577 2277 3060 2388 praeclaram
3154 2277 3554 2363 doctrinae

905 2435 1374 2547 virtutisque
1438 2439 1944 2524 sacerdotalis
2008 2439 2322 2524 laudem
2387 2439 2806 2541 enitantur,
2844 2468 3000 2549 quo
3045 2439 3234 2523 olim
3276 2440 3554 2525 Eccle-

908 2595 1067 2681 siae
1135 2604 1215 2682 et
1276 2599 1574 2708 patriae
1642 2607 2099 2686 ornamento
2166 2628 2256 2684 ac
2320 2599 2705 2711 praesidio
2772 2628 2943 2685 esse
3026 2599 3391 2702 valeant,
3471 2601 3554 2684 in

907 2786 1144 2867 quem
1209 2759 1446 2843 finem
1511 2761 1771 2845 Deum
1836 2761 2073 2846 etiam
2134 2763 2521 2846 bonorum
2567 2760 2918 2845 omnium
2961 2766 3362 2846 auctorem
3413 2763 3550 2845 ad-

903 2945 1338 3027 precamur,
1403 2926 1493 3002 ut
1559 2919 1952 3005 uberrima
2016 2950 2336 3004 suarum
2370 2919 2804 3031 gratiarum
2849 2948 3176 3004 munera
3218 2920 3299 3004 in
3342 2920 3551 3031 ipsos

906 3080 1280 3165 effundat.
1349 3081 1572 3166 Haec
1639 3084 1938 3187 eadem,
2006 3082 2197 3168 Ven.
2247 3084 2551 3185 Frater,
2590 3082 2959 3169 caelestia
3023 3111 3351 3167 munera
3413 3090 3550 3169 tuo

907 3240 1143 3324 etiam
1211 3240 1565 3351 Collegio
1631 3240 2137 3350 imploramus
2173 3307 2191 3343 ,
2260 3240 2339 3324 in
2419 3270 2572 3351 quo
2653 3234 3034 3352 mag'num
3098 3242 3551 3327 adolescen-

905 3399 1107 3482 tium
1173 3430 1588 3486 numerum
1655 3401 1970 3511 optimis
2053 3401 2482 3512 disciplinis
2561 3407 2642 3487 et
2705 3400 3052 3485 moribus
3150 3408 3288 3486 tua
3352 3402 3551 3514 vigi-

901 3557 1141 3643 lantia
1204 3567 1285 3644 et
1349 3589 1534 3644 cura
1597 3561 1900 3645 institui
1967 3561 2538 3672 cognoscimus,
2608 3562 3009 3648 Sinceram
3072 3565 3391 3648 demum
3433 3564 3552 3648 di-

903 3722 1324 3807 lectionem
1386 3723 1755 3808 Nostram
1821 3722 1963 3807 tibi
2029 3722 2540 3825 declaranteS,
2608 3721 3139 3833 Apostolicam
3207 3723 3552 3810 Benedi-

902 3881 1265 3985 ctionem,
1334 3882 1415 3967 in
1480 3882 1917 3993 auspicium
1982 3883 2423 3967 divinarum
2487 3883 2921 3994 gratiarum
2986 3883 3131 3968 tibi
3209 3886 3550 3970 cunctis-

905 4069 1057 4151 que
1123 4041 1431 4126 dileotis
1497 4042 1699 4144 filiis,
1767 4071 1964 4152 quos
2028 4043 2631 4128 memoravimus
2667 4107 2686 4146 ,
2752 4071 2899 4128 nec
2964 4072 3120 4128 non
3184 4044 3550 4130 universo

744 4199 751 4202 ⁷
840 4235 847 4240 ·
909 4200 1117 4286 clero
1184 4208 1264 4286 et
1329 4201 1689 4287 fidelibus
1756 4202 2042 4312 quibus
2105 4230 2383 4313 praees
2446 4209 2946 4313 peramanter
3050 4202 3131 4286 in
3213 4203 3551 4290 Domino

901 4362 1416 4473 impertimus.

1087 4524 1383 4609 Datum
1448 4527 1748 4611 Romae
1814 4527 2023 4635 apud
2087 4525 2162 4612 S.
2230 4526 2562 4611 Petrum
2626 4524 2752 4610 die
2828 4525 2936 4610 16
3004 4523 3214 4609 Iunii
3287 4527 3548 4630 1884,

902 4686 1422 4773 Pontificatus
1487 4687 1756 4772 Nostri
1820 4716 2025 4774 anno
2091 4687 2451 4798 septimo.

1866 5008 2068 5094 LEO
2134 5009 2295 5093 ΡΡ.
2365 5009 2594 5093 XIII.
