4497 6714
3186 816 3332 895 185

831 1014 1127 1100 mentia
1191 1016 1641 1127 absumpti,
1710 1016 1845 1127 qui
1908 1019 2116 1103 ferro
2178 1019 2693 1103 barbarorum
2757 1016 3100 1115 sublati,
3169 1016 3303 1126 qui
3367 1015 3483 1100 vi-

830 1176 1041 1288 giliis
1105 1178 1666 1290 perpetuisque
1732 1178 1960 1263 fracti
2022 1178 2425 1264 laboribus
2488 1178 2837 1286 martyrii
2899 1176 3240 1262 honores
3285 1176 3482 1263 deli-

828 1337 1117 1423 barint.
1188 1338 1345 1425 Sed
1411 1368 1683 1425 eorum
1751 1339 2189 1425 constantia
2254 1339 2659 1451 religionis
2724 1339 3209 1425 incremento
3288 1338 3485 1424 mire

828 1499 1181 1610 profuit:
1248 1529 1394 1586 nec
1463 1500 1799 1612 exiguae
1865 1500 2047 1587 illae
2112 1500 2499 1586 utilitates
2564 1504 2955 1613 putandae
2990 1566 3009 1604 ,
3079 1529 3272 1609 quas
3359 1527 3484 1584 re-

832 1659 1180 1746 centiore
1270 1660 1650 1746 memoria
1732 1658 1941 1745 Afris
2007 1668 2539 1771 pepererunt,
2608 1661 2978 1745 nimirum
3075 1660 3488 1771 paroeciae

829 1819 1127 1929 aliquot
1197 1819 1583 1923 conditae,
1651 1818 1969 1906 scholae
2035 1820 2113 1903 in
2182 1820 2704 1907 eruditionem
2769 1850 3193 1932 puerorum
3260 1851 3485 1933 aper-

829 1989 984 2084 tae,
1055 1990 1136 2067 et
1202 1984 1587 2092 quaedam
1656 1981 1735 2065 in
1802 1980 2170 2066 solatium
2239 1982 2874 2067 calamitosorum
2941 1982 3068 2094 pie
3102 1981 3484 2068 instituta.

1017 2144 1353 2227 Ineunte
1418 2140 1571 2227 hoc
1636 2141 2006 2245 saeculo,
2076 2171 2259 2227 cum
2323 2141 2703 2228 militares
2759 2141 3168 2228 Gallorum
3215 2141 3485 2253 copiae

828 2301 908 2386 in
974 2302 1320 2387 Africam
1385 2301 2047 2413 adnavigassent,
2116 2301 2356 2411 inque
2423 2301 2837 2387 maritimis
2902 2301 3057 2387 oris
3122 2301 3487 2387 victrices

684 2506 703 2525 ·
829 2462 1392 2565 consedissent,
1463 2462 1892 2548 constituta
1934 2461 2227 2547 ibidem
2293 2461 2696 2574 provincia
2762 2469 2904 2566 est,
2973 2461 3196 2547 cuius
3237 2462 3487 2574 impe-

828 2622 1032 2707 rium
1101 2624 1308 2734 apud
1373 2651 1508 2708 eos
1575 2651 1748 2708 esse
1815 2622 2096 2733 coepit.
2162 2623 2403 2708 Haud
2467 2623 2717 2709 multo
2783 2623 3058 2727 serius,
3104 2625 3286 2708 dato
3349 2621 3486 2706 Al-

828 2783 1325 2895 geriensibus
1388 2783 1804 2897 EpiscopO,
1872 2783 2401 2894 amplissimae
2467 2783 2649 2870 illae
2715 2784 3106 2895 regioneS,
3175 2812 3377 2894 quae
3443 2812 3490 2868 a

828 2944 1236 3032 Saracenis
1302 2944 1673 3032 diuturno
1740 2944 2146 3031 dominatu
2195 2946 2693 3050 tenebantur,
2740 2945 3038 3049 veteris„
3079 2943 3489 3056 dignitatis

821 3104 1117 3215 aliquid
1148 3105 1540 3216 recepisse
1575 3105 1787 3192 visae
1823 3113 2037 3191 sunt.
2065 3156 2183 3168 -
2211 3106 2521 3193 Deinde
2559 3106 3078 3193 Dioecesibus
3104 3107 3488 3193 Constan-

831 3264 1044 3352 tinae
1115 3274 1195 3351 ct
1260 3265 1498 3352 Orani
1562 3264 1968 3370 institutis,
2034 3264 2394 3379 pluribus
2459 3266 2652 3352 locis
2688 3332 2707 3371 ,
2774 3266 2856 3351 in
2923 3267 3207 3378 quibus
3295 3265 3484 3352 olim

824 3430 1182 3518 Ecclesia
1245 3459 1514 3541 sospes
1579 3436 1661 3516 et
1724 3431 2008 3516 florens
2073 3428 2494 3534 insederat,
2562 3428 3033 3515 sanctissimi
3096 3429 3296 3515 ritus
3357 3458 3486 3516 ca-

824 3590 1098 3678 tholici
1162 3592 1405 3704 longo
1469 3592 1883 3679 intervallo
1950 3598 2133 3676 sunt
2196 3590 2569 3678 restituti.
2640 3593 2827 3702 Ipsa
2890 3593 3306 3678 Tunetana
3362 3618 3488 3676 re-

826 3754 984 3866 gio,
1053 3784 1233 3840 cum
1300 3753 1906 3840 christianorum
1973 3752 2349 3839 crevisset
2412 3782 2814 3857 numerus,
2880 3759 3185 3838 mutata
3228 3753 3310 3837 in
3354 3750 3491 3837 Vi-

829 3915 1208 4001 cariatum
1275 3915 1791 4028 apostolicum
1857 3916 2411 4018 Praefectura,
2479 3914 2958 4027 Episcopum
3023 3946 3070 4000 a
3132 3918 3491 4002 Romana

827 4077 1028 4164 Sede
1093 4076 1419 4187 accepit.
1487 4075 1750 4186 Atque
1817 4105 1913 4162 ex
1980 4104 2074 4161 eo
2139 4082 2495 4187 tempore
2561 4075 2873 4186 provisa
2969 4083 3153 4162 sunt
3237 4080 3488 4167 multa

830 4239 928 4322 ad
994 4236 1502 4323 christianam
1566 4266 1874 4323 morum
1941 4236 2436 4348 disciplinam
2500 4238 2896 4323 salubria:
2973 4239 3493 4350 amplificatae

829 4396 1239 4507 paroeciae
1275 4425 1293 4481 ε
1362 4405 1639 4483 auctae
1683 4396 2001 4482 scholae
2046 4425 2065 4481 ε
2132 4397 2588 4483 sodalitates
2621 4397 2939 4510 pietatis
2984 4426 3260 4485 caussa
3317 4401 3494 4513 plu-

831 4584 956 4642 res
1024 4554 1376 4642 coalitae.

1018 4715 1241 4801 Haec
1306 4715 1496 4800 satis
1560 4745 1934 4828 prospera
1998 4716 2220 4803 initia
2285 4746 2507 4829 spem
2540 4716 2899 4828 plurimis
2930 4719 3285 4805 fecerant
3328 4721 3494 4807 fore

832 4885 945 4981 ut,
1012 4876 1370 4964 deductis
1437 4878 1761 4964 coloniis
1827 4878 1908 4962 in
1975 4906 2159 4964 eum
2204 4885 2545 4963 tractum
2592 4878 2673 4963 in
2709 4906 2865 4988 quo
2898 4877 3051 4964 sita
3096 4879 3497 4994 Carthago

832 5038 1007 5142 fuit,
1076 5038 1426 5125 revocari
1490 5039 1909 5150 aliquando
2009 5040 2106 5124 ab
2203 5038 2530 5125 interitu
2607 5046 2872 5151 posset
2954 5038 3499 5129 Africanarum

834 5198 1201 5311 princeps
1263 5198 1617 5303 urbium,
1686 5206 1766 5284 et
1832 5200 2268 5285 secundum
2333 5197 2694 5283 instituta
2756 5197 3142 5283 maiorum
3207 5229 3500 5286 novum

839 5390 886 5444 a
951 5361 1331 5447 Pontifice
1397 5363 1755 5447 Romano
1819 5361 2297 5472 Episcopum
2345 5361 2724 5473 accipere.
2776 5361 2920 5446 Oui
2968 5361 3286 5472 quidem
3332 5361 3542 5474 spei‘
