4497 6714
1229 809 1330 887 38

2072 1157 2737 1285 EPISTULA

2004 1512 2470 1567 VENERABILI
2535 1512 2812 1566 FRATRI

1408 1668 1784 1728 ·AUGUSTO
1852 1671 2237 1728 ANTONINO
2307 1670 2899 1728 ARCHIEPISCOPO
2965 1668 3375 1738 AQUILANO.

2889 1830 3226 1898 AQUILAM

1975 2318 2235 2412 Leo
2305 2244 2503 2411 ΡΡᾼ
2575 2317 2857 2413 xm.

1994 2708 2499 2763 VENERABILIS
2564 2708 2860 2762 FRATER

1514 2865 1860 2923 SALUTEM
1924 2867 2019 2921 ET
2086 2866 2604 2922 APOSTOLICAM
2670 2865 3319 2923 BENEDICTIONEM.

1101 3178 1401 3336 Quum
1465 3272 1961 3354 summopere
2049 3244 2295 3329 Nobis
2361 3245 2440 3328 in
2507 3244 2708 3329 votis
2773 3245 2917 3346 sit,
3006 3253 3094 3330 ut
3171 3244 3306 3354 qui
3369 3249 3748 3329 vocantur

1101 3406 1180 3492 in
1247 3412 1540 3491 sortem
1605 3404 1921 3489 Domini
1985 3405 2279 3515 pictate
2344 3405 2636 3516 pariter
2679 3413 2758 3491 et
2804 3406 3130 3490 scientia
3195 3408 3543 3506 floreant,
3588 3433 3744 3489 non

1099 3572 1357 3656 levem
1425 3568 1775 3679 cepimus
1838 3567 2324 3678 voluptatem
2360 3596 2454 3652 ex
2523 3567 2883 3651 officiosis
2935 3567 3242 3668 litteris,
3290 3596 3507 3676 quaS‚
3568 3596 3747 3652 cum

1101 3728 1726 3814 moderatoribus
1792 3734 1871 3812 et
1952 3726 2592 3837 praeceptoribus
2657 3725 3069 3813 Seminarii
3135 3725 3296 3826 tui,
3371 3725 3745 3834 postridie

1103 3892 1291 3974 Idus
1356 3888 1676 3973 Martias
1743 3890 1841 3972 ad
1904 3888 2066 3971 Nos
2131 3886 2438 3971 dedisti.
2507 3889 2629 3970 Ex
2694 3886 2788 3971 iis
2864 3916 3202 3995 namque
3283 3894 3363 3972 et
3428 3886 3752 3971 adiectis

1106 4048 1681 4135 narrationibus
1745 4047 2086 4131 libenter
2130 4047 2654 4156 comperimus
2700 4076 2793 4132 ea
2838 4078 3064 4157 quae,
3144 4055 3224 4132 te
3299 4055 3751 4158 praeeunte,

1107 4209 1188 4293 in
1257 4211 1533 4293 eodem
1578 4206 2011 4293 Seminario
2077 4179 2306 4315 gesta
2371 4214 2577 4309 sunt,
2646 4215 2735 4290 ut
2799 4208 3119 4318 auspice
3186 4209 3381 4311 De0‚
3428 4208 3754 4317 eiusque

1110 4398 1256 4480 ope
1322 4368 1704 4469 invocata,
1772 4370 1998 4451 sedes
2062 4374 2318 4450 terrae
2371 4341 2844 4452 tremoribus
2888 4375 2967 4453 et
3008 4367 3573 4453 vibrationibus
3637 4366 3753 4450 di-

1112 4527 1583 4652 gnoscendis
1670 4526 2031 4611 instituta
2115 4535 2194 4612 et
2282 4528 2738 4636 opportunis
2834 4528 3373 4614 instrumentis
3456 4528 3757 4612 munita

1113 4689 1631 4775 dedicaretur.
1699 4688 1865 4771 Nec
1909 4716 2095 4772 vero
2161 4687 2406 4772 Nobis
2464 4716 2619 4772 non
2666 4690 3086 4772 admodum
3150 4689 3461 4799 probari
3503 4689 3758 4799 potuit

1116 4879 1303 4934 cura
1367 4877 1604 4958 quam
1668 4847 1906 4957 geriS,
1973 4852 2062 4930 ut
2127 4846 2447 4949 alumni,
2487 4847 2621 4955 qui
2689 4846 2768 4930 in
2833 4876 3053 4957 spem
3119 4848 3518 4934 Ecclesiae
3583 4877 3760 4933 suc-

1119 5014 1508 5111 crescunt,
1546 5035 1700 5092 non
1739 5010 1969 5092 modo
2000 5007 2228 5092 bonis
2288 5007 2589 5092 artibus
2635 5016 2716 5092 et
2758 5007 3322 5119 philosophicis
3365 5010 3761 5120 sacrisque

1116 5167 1547 5278 disciplinis
1612 5167 2144 5271 instituantur,
2192 5171 2334 5252 sed
2379 5167 2616 5252 etiam
2680 5170 2923 5277 probe
2992 5168 3328 5253 calleant
3371 5196 3464 5253 ea
3507 5168 3762 5254 scien·-

1114 5329 1403 5412 tiarum
1446 5327 1921 5412 naturalium
1955 5327 2465 5431 incrementa,
2513 5327 2798 5438 quibus
2843 5334 3057 5413 aetas
3091 5329 3378 5412 Nostra
3423 5327 3759 5413 maxime
