4497 6714
2040 1076 2705 1207 EPISTOLA

1955 1463 2420 1521 VENERABILI
2483 1463 2758 1520 FRATRI

1582 1626 2038 1682 EMMANUELI
2103 1625 2463 1682 EPISCOPO
2530 1622 3141 1681 CONIMBRICENSI.

2724 1781 3250 1839 CONIMBRICAM

1923 2249 2184 2344 LEO
2257 2248 2453 2343 ΡΡ.
2524 2248 2804 2343 XIII.

1926 2623 2428 2679 VENERABILIS
2493 2621 2788 2677 FRATER

1471 2786 1815 2843 SALUTEM
1879 2785 1974 2841 ΕΤ
2039 2783 2556 2840 APOSTOLICAM
2621 2781 3270 2838 BENEDICTIONEM.

1048 3106 1555 3278 Excepimus
1619 3194 1762 3277 per
1823 3163 2222 3250 Nuncium
2287 3164 2663 3250 Nostrum
2749 3163 2832 3247 in
2907 3162 3058 3247 isto
3122 3164 3408 3272 Regno
3488 3190 3701 3246 com-

1045 3331 1507 3411 morantem
1548 3324 1851 3410 litteras
1916 3355 1961 3410 a
2025 3323 2334 3411 dilectis
2398 3323 2578 3409 filiis
2645 3324 3371 3428 Pro-Moderatore‚
3431 3322 3701 3409 Admi-

1046 3484 1314 3570 nistris
1379 3492 1460 3570 et
1502 3485 1863 3570 Alumnis
1930 3485 2045 3570 tui
2111 3485 2526 3572 Seminarii
2589 3488 2811 3570 datas
2849 3552 2867 3588 ,
2935 3485 3221 3595 quibus
3301 3485 3450 3595 ipsi
3514 3513 3702 3569 suae

1046 3651 1375 3733 devotae
1440 3645 1868 3748 voluntatis
1934 3651 2016 3730 et
2081 3644 2338 3729 filialis
2405 3643 2763 3753 obsequii
2827 3643 3076 3728 Nobis
3165 3643 3703 3730 testimonium

936 3777 942 3785 ⁶
1043 3809 1582 3918 praebendum
1671 3813 2172 3892 censuerunt.
2244 3804 2470 3889 Grati
2560 3807 2982 3889 admodum
3010 3869 3029 3906 ‚
3116 3804 3311 3889 Ven.
3402 3805 3704 3907 Frater,

1044 3967 1292 4053 Nobis
1360 3966 1796 4053 extiterunt
1860 3993 2134 4050 eorum
2198 3964 2549 4050 omnium
2615 3963 2889 4074 optimi
2955 3992 3235 4049 sensus
3277 4030 3295 4066 ‚
3366 3994 3544 4049 cum
3609 3993 3707 4049 ex

1043 4127 1144 4212 iis
1210 4125 1767 4238 agnoverimus
1834 4154 2016 4210 eum
2079 4124 2161 4207 in
2229 4132 2367 4209 tuo
2457 4120 2895 4209 Seminario
2980 4123 3346 4234 spiritum
3410 4123 3705 4234 vigere,

1046 4288 1186 4399 qui
1285 4287 1653 4399 egregios
1717 4289 2020 4371 fructus
2085 4286 2218 4371 isti
2285 4286 2649 4372 Dioecesi
2713 4285 3201 4397 polliceatur.
3270 4286 3534 4397 Atque
3613 4316 3706 4373 eo

1051 4449 1306 4560 magis
1370 4448 1739 4534 delectati
1806 4477 2078 4533 sumus
2162 4447 2585 4558 praeclaris
2670 4448 3333 4534 declarationibus
3423 4449 3709 4559 quibus

1053 4638 1327 4700 eorum
1389 4611 1725 4695 refertae
1792 4616 2016 4695 erant
2077 4608 2392 4696 litterae
2430 4674 2449 4711 ‚
2518 4610 2728 4718 quod
2789 4606 2915 4691 his
2979 4609 3440 4719 praesertim
3506 4616 3709 4696 tem-

1051 4769 1375 4882 poribus
1441 4768 1762 4852 maximi
1827 4769 2206 4853 momenti
2273 4774 2641 4878 putamus
2707 4794 2880 4851 eam
2953 4795 3244 4870 curam,
3293 4797 3495 4878 quae
3560 4769 3709 4853 im-

1051 4929 1420 5041 penditur
1480 4926 1562 5012 in
1626 4934 1843 5012 recta
1907 4927 2400 5013 institutione
2467 4933 2548 5011 et
2612 4924 3027 5036 disciplina
3094 4954 3368 5011 eorum
3435 4927 3570 5037 qui
3628 4927 3708 5011 in

1053 5117 1277 5201 spem
1334 5088 1741 5174 Ecclesiae
1806 5095 2337 5212 succrescunt,
2377 5074 2670 5197 quique
2739 5114 2881 5196 pro
2947 5114 3089 5171 suo
3134 5115 3482 5189 munere,
3531 5116 3709 5172 cum

1056 5247 1470 5333 ministerii
1533 5254 1844 5358 tempus
1911 5246 2277 5333 adveniet
2311 5271 2333 5349 ‚‘
2398 5252 2804 5333 strenuam
2871 5273 3188 5356 operam
3267 5246 3501 5332 saluti
3565 5246 3711 5332 ho-
