4497 6714
1197 749 1299 829 36

1045 936 1562 1022 minutionem
1638 937 2131 1022 incurrerent
2223 935 2645 1041 libertatis3
2743 937 2954 1045 quod
3038 961 3310 1017 rursus
3394 930 3521 1017 vel
3614 931 3697 1016 in

1048 1096 1649 1206 Nobismetipsis
1716 1126 1923 1180 nunc
1986 1095 2199 1182 idom
2260 1096 2597 1207 perspici
2661 1100 2921 1206 potest
2976 1094 3121 1178 sub
3169 1121 3395 1178 casus
3461 1093 3698 1179 alieni

1049 1259 1351 1344 arbitrii
1416 1259 1673 1345 varios
1749 1259 2250 1369 incertosque
2324 1257 2721 1343 subiectis
2801 1255 3319 1367 Nuperrimus
3408 1254 3540 1340 ille
3620 1263 3702 1341 et

1045 1419 1309 1531 gravis
1374 1423 1472 1505 de
1537 1418 2029 1530 patrimonio,
2098 1422 2310 1528 quod
2373 1416 2572 1502 haec
2635 1415 3088 1527 Apostolica
3161 1413 3404 1501 Sedes
3490 1415 3697 1501 chri-

1047 1554 1299 1663 stiano
1364 1578 1659 1663 nomini
1705 1581 2209 1689 propagando
2256 1577 2684 1662 addixerat.
2734 1576 3028 1661 Caussa
3086 1578 3472 1685 agebatur
3517 1605 3696 1660 cum

1046 1737 1473 1848 apostolico
1538 1737 1790 1823 officio
1854 1737 2259 1823 Pontificis
2300 1736 2621 1821 maximi
2676 1743 2859 1847 apta
2922 1735 3003 1819 in
3067 1735 3340 1847 primis
3385 1744 3466 1822 et
3509 1764 3696 1822 con·-

1045 1923 1269 2000 nexa,
1338 1900 1773 2006 eademque
1836 1903 2055 1983 tanto
2120 1899 2359 1983 rebus
2401 1894 2767 1980 humanis
2810 1895 3080 1998 maior,
3147 1904 3440 2005 quanto
3487 1896 3694 1982 chri-

1045 2055 1343 2141 stianae
1377 2057 1839 2168 propagatio
1884 2039 2315 2167 sapientiae
2361 2063 2441 2142 et
2485 2055 2695 2140 salus
2738 2054 3147 2141 hominum
3192 2044 3692 2168 sempiterna.

1043 2214 1286 2325 Atqui
1352 2225 1620 2303 tamen
1686 2216 1903 2328 operi
1968 2216 2480 2319 nobilissimo,
2561 2217 2771 2325 quod
2842 2216 3150 2326 sapiens
3223 2219 3694 2305 Pontificum

1004 2377 1579 2469 nnmificentia
1642 2377 2007 2480 instituit,
2076 2384 2156 2462 et
2219 2376 2580 2487 gentium
2659 2375 3258 2461 christianarum
3343 2379 3538 2465 aluit
3601 2381 3696 2464 li-

1041 2537 1437 2639 beralitas,
1504 2536 1621 2622 vis
1684 2536 2219 2648 praesentium
2317 2542 2762 2647 temporum
2858 2565 3015 2621 non
3109 2539 3511 2648 pepercit:
3586 2540 3697 2626 ita

1044 2728 1230 2785 sane
1294 2706 1402 2809 ut«
1448 2702 1546 2782 ad
1610 2700 1957 2784 futuram
2036 2697 2205 2783 eius
2292 2695 2912 2782 incolumitatem
2995 2725 3196 2782 nova
3271 2700 3434 2784 Nos
3496 2700 3694 2787 inire

1044 2859 1376 2946 consilia
1442 2858 1871 2944 necessitas
1935 2858 2105 2968 ipsa
2168 2856 2544 2967 coegerit.

1232 3023 1397 3106 Ista
1460 3021 1777 3131 quidem
1842 3024 2162 3106 acerba:
2230 3019 2633 3105 acerbiora
2707 3021 3306 3129 praesentimuS,
3389 3029 3469 3108 et
3532 3025 3695 3136 pati

1045 3181 1296 3291 parati
1341 3211 1637 3267 sumus.
1684 3181 2064 3268 Novimus
2110 3180 2343 3284 enim,
2391 3183 2796 3267 decretum
2840 3180 3177 3268 inimicis
3225 3211 3397 3271 esse
3443 3215 3693 3296 usque

1049 3369 1143 3427 eo
1208 3341 1764 3427 Pontificatum
1829 3371 2240 3428 romanum
2306 3339 2680 3427 iniuriose
2744 3349 3104 3447 tractare,
3182 3351 3294 3449 ut,
3362 3374 3458 3431 ex
3523 3346 3695 3432 aliis

1045 3501 1128 3586 in
1192 3501 1383 3587 alias
1451 3502 1853 3589 coniectus
1917 3502 2441 3606 difficultateS,
2497 3506 2595 3587 ad
2641 3509 3016 3604 extrema,
3084 3503 3148 3588 si
3215 3504 3383 3590 fieri
3426 3507 3693 3615 possit,

1050 3669 1455 3772 urgeatur.
1536 3662 2025 3749 Detestabile
2105 3663 2625 3773 insanumque
2701 3663 3223 3774 propositum:
3313 3668 3544 3774 quod,
3629 3667 3695 3751 si

1047 3827 1659 3906 consentaneum
1726 3820 1819 3904 iis
1886 3827 2029 3921 est,
2098 3821 2231 3930 qui
2300 3820 2643 3905 consiliis
2709 3827 3100 3906 sectarum
3177 3824 3694 3933 nequissima-

1044 4006 1221 4061 rum
1287 3978 1743 4082 inserviunt,
1812 3986 1893 4064 et
1958 3979 2401 4064 conculcari
2474 3980 2913 4065 Ecclesiam
2990 3982 3477 4093 mancipiove
3541 3985 3695 4070 rei-

1046 4140 1411 4251 publicae
1476 4141 1643 4225 dari
1706 4142 2083 4253 gestiunt,
2150 4144 2501 4254 profecto
2567 4141 2803 4253 longe
2869 4143 3214 4228 alienum
3278 4149 3375 4229 ab
3422 4174 3696 4233 eorum

1047 4299 1450 4414 voluntate
1517 4329 1689 4387 esse
1754 4307 2086 4412 oportet,
2154 4302 2289 4412 qui
2336 4331 2713 4412 germana
2755 4303 3088 4412 patriam
3154 4305 3475 4392 caritate
3520 4307 3696 4392 dili-

1042 4466 1260 4569 gant,
1316 4457 1451 4569 qui
1495 4459 2007 4545 Pontificatus
2053 4460 2429 4546 virtutem
2475 4467 2555 4546 et
2597 4462 3224 4572 magnitudinem
3269 4493 3426 4552 non
3469 4496 3695 4577 prae-

1046 4615 1389 4701 iudicata
1452 4617 1816 4728 opinione
1883 4622 2024 4703 sed
2087 4619 2201 4705 rei
2269 4625 2548 4703 natura
2612 4620 3062 4723 metiantur,
3131 4622 3265 4732 qui
3315 4625 3699 4711 beneficia

1045 4774 1291 4885 ipsius
1355 4784 1524 4860 tum
1590 4778 1953 4864 omnibus
2018 4779 2417 4890 gentibus,
2485 4786 2655 4863 tum
2719 4779 3059 4866 maxime
3123 4783 3504 4868 Italorum
3551 4812 3695 4895 ge-

1047 4935 1215 5021 neri
1280 4943 1359 5023 et
1421 4945 1645 5045 parta
1708 4938 2232 5041 meminerint,
2301 4945 2381 5024 et
2446 4940 2930 5047 expectanda
2987 4940 3505 5027 considerent.

1236 5092 1526 5178 Verum
1589 5094 2010 5205 praecipua
2104 5093 2703 5202 firmissimaque
2800 5122 2937 5204 spe
3016 5094 3097 5178 in
3183 5096 3356 5184 Deo
3419 5098 3695 5207 posita,

1050 5250 1184 5362 qui
1248 5251 1532 5339 vindex
1598 5261 1719 5339 est
1784 5254 2202 5364 aequitatis
2268 5261 2348 5340 et
2411 5250 2782 5353 iustitiae,
2859 5254 3208 5341 animum
3285 5257 3588 5345 interea
3650 5289 3698 5344 a
