4497 6714
3084 792 3230 867 159

1200 1145 1881 1277 LITTERAE
1972 1141 2911 1274 APOSTOLIOAE

1397 1502 1675 1570 QUIBUS
1753 1499 2298 1556 CONFIRMATUR
2364 1500 2724 1556 IUDICIUM

978 1666 1022 1720 A
1086 1664 1501 1721 CARDINALI
1546 1661 2140 1719 ARCHIEPISCOPO
2187 1659 2826 1729 COMPQSTELLANO
2883 1658 3138 1715 LATUM

646 1827 684 1855 ‘
918 1827 1160 1884 SUPER
1245 1826 1704 1882 IDENTITATE
1786 1824 2149 1881 CORPORIS
2227 1826 2288 1879 S.
2357 1824 2613 1881 IACOBI
2688 1824 2770 1882 M.
2839 1820 3198 1877 APoSToLI

792 1990 1131 2058 ITEMQUE
1221 1991 1322 2047 SS.
1390 1989 1795 2045 ATHANASII
1860 1990 1954 2043 ΕΤ
2030 1988 2416 2044 THEODORI
2481 1985 3046 2043 DISCIPULORUM
3123 1983 3319 2040 EIUS.

1540 2456 1799 2552 LEO
1870 2454 2576 2550 EPISCOPUS

1227 2673 1765 2741 SERVUS
1822 2673 2572 2739 SERVORUM
2634 2672 2868 2737 DEI

1393 2886 1493 2941 AD
1576 2883 2036 2939 PERPETUAM
2100 2884 2229 2939 REI
2308 2883 2738 2940 MEMORIAM.

726 3184 983 3334 Deus
1064 3250 1586 3364 omnipotens,
1636 3250 1770 3360 qui
1835 3249 2214 3334 mirabilis
2281 3255 2402 3335 est
2463 3249 2543 3333 in
2600 3247 2910 3336 Sanctis
2976 3245 3161 3350 suis,
3206 3275 3389 3359 pro-

723 3410 1261 3498 videntissime
1318 3412 1591 3512 voluit,
1659 3420 1770 3516 ut,
1851 3442 2095 3523 quum
2152 3442 2427 3500 eorum
2501 3412 2806 3498 animae
2881 3412 3098 3498 caelo
3165 3440 3385 3497 rece-

720 3578 900 3682 ptae
935 3571 1227 3682 gaudio
1271 3575 1841 3684 perfundantur
1885 3573 2386 3684 sempitern0‚
2425 3602 2748 3684 corpora
2783 3572 3097 3658 condita
3142 3572 3375 3658 terris

722 3733 1103 3845 singulari
1170 3735 1664 3820 observantia
1730 3735 2087 3819 colantur
2150 3736 2246 3818 ab
2315 3733 2765 3819 hominibus
2831 3741 2911 3819 et
2973 3732 3380 3843 religionis

720 3892 1133 4003 splendore
1166 3893 1710 3981 honestentur.
1740 3897 1971 3978 —In
2002 3893 2128 3978 his
2172 3923 2359 3980 vero
2381 3895 2530 3980 Dei
2566 3894 3055 4006 providentia
3107 3900 3187 3980 et
3231 3893 3376 3977 mi-

721 4056 1142 4143 sericordia
1183 4058 1628 4143 luculenter
1692 4064 2037 4169 apparet,
2097 4056 2232 4166 qui
2281 4086 2460 4140 cum
2505 4056 2755 4140 multa
2819 4055 3024 4141 sinat
3085 4083 3227 4166 per
3285 4084 3379 4141 ea

720 4216 1095 4302 divinitus
1138 4219 1517 4318 accidere,
1565 4217 1797 4302 simul
1848 4223 1927 4302 et
1965 4216 2287 4300 utilitati
2328 4215 2665 4301 consulit
2700 4223 3038 4316 nostrae,
3080 4224 3161 4301 et
3205 4215 3379 4327 glo-

719 4376 904 4478 riae,
964 4407 1200 4488 quam
1265 4378 1515 4463 sancti
1582 4378 1699 4462 sui
1769 4384 2361 4488 consequuntur
2422 4377 2502 4460 in
2567 4378 2821 4464 torris,
2889 4379 3111 4462 Haec
3170 4377 3380 4463 enim

720 4535 1091 4620 caelitum
1154 4537 1787 4622 beatissimorum
1853 4538 2208 4650 pignora,
2279 4566 2479 4648 quae
2548 4538 2957 4623 nobiscum
3032 4547 3377 4643 manent,

722 4697 1030 4807 quoties
1094 4697 1501 4783 invisimus
1528 4765 1546 4801 ,
1635 4699 1871 4785 toties
1954 4700 2496 4786 admirabilem
2579 4700 3376 4812 praeclarissimarum

718 4857 1101 4942 virtutum
1165 4858 1491 4963 seriem,
1584 4858 1869 4968 quibus
1946 4858 2060 4942 illi
2149 4859 2229 4943 in
2314 4860 2623 4944 mortali
2711 4860 2916 4946 vitae
3002 4891 3237 4947 cursu
3301 4862 3381 4946 in

722 5019 1168 5129 exemplum
1234 5019 1516 5106 ceteris
1613 5021 2115 5132 praeluxere,
2184 5022 2561 5108 memoria
2624 5022 3080 5134 repetimus,
3149 5032 3231 5109 et
3284 5026 3383 5109 ad

721 5209 853 5264 eas
917 5178 1330 5264 imitandas
1394 5179 1910 5266 vehementer
1974 5183 2457 5267 adducimur.
2529 5184 2727 5270 Sunt
2794 5192 3064 5270 autem
3093 5254 3111 5289 ,
3180 5194 3384 5274 teste

721 5339 1015 5423 Ioanne
1084 5339 1600 5445 Damasceno‚
1669 5351 2117 5429 sanctorum
2187 5373 2510 5455 corpora
2556 5375 2943 5456 perennes
2978 5348 3059 5431 in
3105 5348 3384 5433 Eccle-
