4497 6714
1292 1156 1973 1286 LITTERAE
2062 1155 3009 1288 APOSTOLIOAE

822 1508 1100 1576 QUIBUS
1144 1511 1391 1568 MISSIO
1437 1512 2191 1580 QUEENSLANDIENSIS
2238 1511 2504 1568 ORDINI
2562 1512 2924 1569 FRATRUM
2978 1509 3483 1566 EREMITARUM

1052 1671 1113 1726 S.
1182 1670 1597 1729 AUGUSTINI
1660 1672 2120 1728 PROVINCIAE
2185 1672 2654 1728 HIBERNICAE
2721 1671 3245 1728 DEMANDATUR

989 1832 1084 1887 ET
1149 1832 1480 1889 IOANNES
1543 1832 2034 1890 HUTCHINSON
2099 1834 2536 1888 PRESBYTER
2602 1833 2943 1889 EIUSDEM
3011 1832 3317 1887 ORDINIS

1413 1993 1769 2051 VICARIUS
1835 1992 2339 2050 APOSTOLICUS
2403 1994 2913 2050 INSTITUITUR.

1726 2475 1985 2570 LEO
2057 2478 2252 2571 PP.
2323 2477 2604 2572 XIII.

1891 2851 2215 2908 DILECTE
2281 2851 2436 2906 FILI

1248 3010 1596 3068 SALUTEM
1659 3013 1754 3067 ET
1819 3013 2338 3070 APOSTOLICAM
2403 3013 3052 3070 BENEDICTIONEM.

836 3326 1135 3487 Quum
1198 3394 1446 3479 Nobis
1511 3393 1592 3478 in
1658 3394 1973 3479 sublimi
2040 3395 2430 3507 Principis
2493 3396 3051 3507 Apostolorum
3099 3397 3495 3484 Gathedra

836 3555 1234 3642 collocatis
1299 3558 1425 3642 vel
1490 3557 1829 3643 maxime
1897 3558 2110 3642 cordi
2177 3559 2301 3663 sit,
2369 3568 2460 3645 ut
2523 3588 2791 3645 sacrae
2856 3560 3297 3663 MissioneS‚
3351 3590 3494 3671 per

836 3747 1031 3829 quas
1098 3716 1505 3804 Catholioa
1568 3727 2051 3830 propagatur
2113 3720 2396 3832 religio
2462 3729 2544 3806 et
2607 3720 3149 3806 illuminantur
3213 3720 3347 3832 qui
3412 3719 3493 3805 in

832 3876 1181 3964 tenebris
1268 3883 1350 3962 et
1415 3877 1496 3961 in
1559 3880 1840 3962 umbra
1923 3879 2197 3964 mortis
2258 3882 2584 3983 sedent,
2651 3879 2947 3989 ubique
3028 3881 3350 3991 vigeant
3415 3888 3496 3966 et

834 4039 1186 4139 floreant,
1256 4066 1352 4123 ea
1416 4037 1700 4140 omnia,
1758 4067 1961 4148 quae
2006 4038 2286 4125 iisdem
2349 4039 2854 4126 Missionibus
2899 4043 3308 4152 profutura
3352 4069 3494 4127 no-

832 4199 1231 4304 verimus,
1320 4199 1598 4285 libenti
1684 4199 1944 4286 animo
2031 4203 2456 4288 decernere
2533 4201 2902 4286 solemus,
2989 4204 3162 4287 Hae
3228 4212 3494 4288 mente

839 4362 1251 4448 consilium
1315 4362 1475 4448 VV.
1546 4363 1708 4446 FF.
1777 4362 1949 4445 NN.
2020 4362 2096 4449 S.
2152 4365 2243 4446 E.
2305 4365 2402 4446 R.
2474 4363 3007 4448 Cardinalium
3072 4363 3498 4452 christiano

838 4521 1137 4609 nomini
1200 4524 1705 4633 propagando
1795 4523 2420 4633 praepositorum
2481 4526 2904 4636 probantes
2940 4592 2959 4629 ‚
3049 4525 3499 4638 Apostolioa

839 4683 1333 4770 Auctoritate
1398 4685 1686 4770 Nostra
1722 4750 1741 4788 ,
1809 4683 2613 4789 Queenslandiensem
2676 4686 3131 4773 Missionem
3210 4687 3501 4774 illustri

842 4845 1111 4932 Ordini
1176 4848 1548 4930 Fratrum
1610 4846 2143 4932 Eremitarum
2210 4846 2286 4934 S.
2355 4846 2785 4958 Augustini
2850 4849 3308 4937 Provinciae
3350 4850 3499 4935 Hi-

838 5005 1207 5092 bernioae
1273 5005 1590 5092 omnino
1655 5008 2242 5112 demandamus,
2291 5037 2431 5119 pro
2479 5016 2693 5094 certo
2737 5007 3121 5096 habentes
3182 5014 3498 5099 eosdem

842 5166 1253 5278 religiosos
1317 5167 1524 5254 viros
1589 5198 1729 5280 pro
1775 5199 1917 5254 sua
1960 5169 2280 5279 pietate,
2327 5172 2704 5272 doctrina,
2750 5173 3167 5284 prudentia
3210 5181 3290 5259 et
3339 5174 3499 5260 sin-

844 5327 1125 5438 gulari,
1192 5357 1349 5438 quo
1414 5336 1853 5440 praestant,
1919 5329 2034 5414 rei
2101 5329 2536 5416 catholicae
2600 5331 3151 5441 provehendae
3217 5336 3498 5441 studio,
