4497 6714
3122 787 3228 862 45

725 968 1069 1054 indicare
1133 968 1594 1079 periculum,
1662 971 2077 1080 designare
2142 968 2649 1068 adversariOS‚
2693 966 3133 1077 horumque
3192 976 3378 1054 co'n-

727 1130 921 1215 siliis
985 1138 1221 1240 atque
1291 1130 1613 1233 artibus,
1683 1137 2063 1241 quantum
2149 1158 2590 1241 possumus,
2665 1128 3030 1214 resistere
3094 1136 3184 1213 ut
3248 1159 3380 1215 ae-

726 1298 1041 1376 ternum
1106 1318 1206 1376 ne
1273 1298 1600 1400 pereant
1664 1319 1997 1400 quorum
2064 1289 2312 1374 Nobis
2373 1295 2493 1374 est
2537 1289 2950 1374 commissa
3012 1288 3252 1373 salus:
3300 1295 3381 1374 et

729 1454 915 1537 Iesu
960 1444 1255 1537 Christi
1300 1481 1662 1563 regnum,
1712 1455 1922 1561 quod
1988 1454 2371 1536 tuendum
2438 1450 2907 1561 accepimus,
2952 1478 3108 1535 non
3150 1453 3381 1536 modo

731 1617 888 1697 stet
953 1617 1032 1697 et
1095 1619 1553 1721 permaneat
1614 1612 2040 1723 integrum,
2107 1614 2248 1696 sed
2311 1611 2531 1695 novis
2586 1638 2836 1718 usque
2881 1609 3383 1696 incrementis

730 1770 1028 1881 ubique
1094 1777 1481 1856 terrarum
1548 1770 2090 1881 amplificetur.

919 2089 1257 2175 Romani
1321 2090 1747 2176 Pontifices
1795 2092 2272 2177 Decessores
2305 2091 2595 2193 Nostri,
2632 2117 2772 2201 pro
2818 2089 3070 2175 salute
3113 2089 3385 2199 populi

733 2246 1137 2333 christiani
1204 2248 1477 2335 sedulo
1540 2249 1984 2359 vigilantes,
2020 2248 2233 2334 hunc
2277 2256 2437 2333 tam
2475 2248 2889 2359 capitalem
2930 2246 3243 2333 hostem
3286 2276 3383 2333 ex

732 2409 1087 2494 occultae
1125 2408 1687 2494 coniurationis
1722 2409 2070 2494 tenebris
2103 2409 2668 2519 prosilientem,
2707 2409 2881 2518 quis
2928 2417 3159 2512 esset,
3196 2408 3386 2519 quid

733 2568 995 2670 vellet,
1063 2568 1428 2653 celeriter
1493 2576 2019 2678 agnoverunt3
2086 2568 2484 2677 iidemque
2531 2568 3102 2679 praecipientes
3168 2567 3387 2678 cogi-

731 2727 1030 2814 tatione
1096 2731 1384 2832 futura‚
1472 2728 1866 2839 principes
1954 2728 2187 2812 simul
2274 2736 2353 2813 et
2437 2729 2790 2839 popuIOS‚
2878 2728 3106 2839 signo
3169 2728 3388 2813 velut

730 2894 937 2993 dato,
1003 2895 1480 2976 monuerunt
1544 2918 1643 2975 ne
1689 2917 1774 2974 se
1819 2889 2110 3000 paratis
2176 2892 2275 2973 ad
2331 2889 2880 2999 decipiendum
2925 2889 3225 2974 artibus
3266 2889 3388 2973 in-

733 3050 1106 3161 sidiisque
1174 3050 1345 3162 capi
1399 3057 1879 3161 paterentur.
1920 3099 2039 3113 —
2074 3050 2342 3135 Prima
2375 3050 2844 3161 significatio
2878 3051 3206 3161 periculi
3250 3080 3391 3162 per

736 3211 1224 3297 Clementem
1260 3213 1422 3294 XII
1458 3237 1660 3295 anno
1695 3241 2196 3297 mcccxxxvm
2254 3214 2460 3295 facta
2493 3203 2553 3295 1:
2606 3212 2829 3295 cuius
2884 3218 3004 3297 est
3048 3242 3094 3296 a
3127 3213 3387 3297 Bene-

734 3372 944 3458 dicto
1011 3373 1200 3458 XIV
1233 3365 1263 3415 ²
1333 3373 1789 3457 confirmata
1853 3401 1944 3457 ac
1987 3380 2363 3458 renovata
2407 3373 2908 3458 Constitutio.
2956 3372 3392 3483 Utriusque

737 3531 1097 3642 vestigiis
1160 3531 1568 3643 ingressus
1633 3540 1755 3617 est
1818 3532 2011 3616 Pius
2074 3533 2225 3618 VII
2259 3525 2325 3616 3:
2393 3561 2483 3617 ac
2549 3535 2713 3618 Leo
2764 3535 2926 3616 XII
2989 3503 3391 3619 Constitu-

2308 3685 2338 3732 4

734 3690 950 3775 tione
984 3689 1437 3800 Apostolica
1509 3722 1545 3770 «
1606 3695 1758 3796 Quo
1816 3699 2177 3803 yraviora
2228 3724 2264 3770 »
2395 3692 2885 3801 superiorum
2920 3691 3393 3777 Pontificum

736 3849 886 3936 hac
950 3853 1048 3935 de
1112 3880 1199 3937 re
1265 3857 1440 3935 acta
1526 3858 1606 3936 et
1670 3854 1989 3936 decreta
2069 3852 2548 3962 complexus,
2637 3859 2808 3936 rata
2871 3881 2962 3937 ac
3025 3853 3249 3936 firma
3312 3852 3395 3936 in

735 4017 1206 4122 perpetuum
1252 4039 1423 4096 esse
1471 4010 1721 4094 iussit.
1770 4011 1865 4093 In
1931 4013 2291 4096 eamdem
2356 4011 2828 4097 sententiam
2871 4011 3063 4096 Pius
3096 4012 3292 4097 VIII
3336 4006 3390 4116 ⁵,

739 4170 1175 4282 Gregorius
1242 4171 1431 4255 XVI
1464 4161 1519 4273 ⁶,
1607 4197 1983 4280 persaepe
2066 4197 2253 4254 vero
2328 4169 2520 4254 Pius
2595 4172 2717 4253 IX
2748 4162 2779 4212 7
2863 4169 3104 4255 locuti
3185 4176 3390 4255 sunt.

900 4454 922 4494 ¹
973 4449 1198 4515 Const.
1249 4451 1328 4514 In
1374 4451 1693 4531 eminenti,
1746 4448 1853 4513 die
1901 4450 1987 4513 24
2037 4449 2282 4535 Aprilis
2333 4451 2525 4516 1738.

900 4576 925 4617 ⁹
975 4574 1182 4640 Const
1229 4574 1573 4656 Providas,
1623 4574 1728 4638 die
1779 4574 1859 4637 18
1908 4574 2064 4638 Maii
2115 4575 2307 4639 1751.

897 4699 925 4741 ³
973 4696 1199 4762 Const.
1248 4696 1608 4761 Ecclesiam
1653 4720 1696 4760 a
1743 4696 1891 4761 Iesu
1944 4697 2223 4779 Christo,
2275 4697 2381 4761 dic
2433 4699 2514 4761 13
2564 4696 2969 4781 Septembris
3021 4698 3210 4760 1821.

898 4824 926 4865 ⁴
975 4820 1198 4888 Const.
1251 4822 1406 4887 data
1454 4822 1558 4886 die
1610 4822 1691 4886 13
1741 4821 1959 4885 Martii
2010 4821 2199 4886 18:25.

898 4947 925 4989 ὖ
972 4945 1226 5032 Encyc.
1291 4946 1571 5028 Traditi,
1621 4945 1728 5010 die
1777 4947 1856 5022 21
1910 4944 2067 5008 Maii
2119 4945 2309 5010 1829.

903 5072 931 5114 θ
980 5069 1231 5154 Encyc.
1282 5071 1555 5152 Mirari,
1605 5069 1709 5133 die
1763 5069 1845 5133 15
1893 5069 2183 5152 Augusti
2237 5069 2424 5144 1832.

902 5197 929 5237 ⁷
977 5195 1228 5279 Encyc.
1287 5194 1416 5268 Qui
1451 5195 1779 5281 pluribus,
1844 5193 1947 5258 die
2009 5193 2049 5256 9
2100 5193 2419 5259 Novemb.
2493 5195 2679 5258 1846.
2743 5194 2952 5259 Alloc.
3019 5194 3418 5282 Multiplices

1034 5323 1222 5405 inter,
1272 5322 1376 5388 die
1423 5321 1507 5386 25
1554 5318 1891 5407 Septemb.
1946 5319 2135 5402 1865,
2188 5328 2314 5385 etc.
