4497 6714
2116 1117 2780 1249 EPISTULA

2126 1467 2471 1524 DILECTIS
2536 1471 2759 1526 FILIIS

1586 1620 1708 1676 UL.
1778 1621 2207 1680 CHEVALIER
2293 1627 2644 1696 ALIISQUE
2730 1631 3305 1690 REDACTORIBUS

1781 1784 2289 1845 SCRIPTIONUM
2356 1790 2556 1858 QUAE
2625 1795 2764 1850 SUB
2832 1794 3105 1851 TITULO

1092 1930 1507 1985 BULLETIN
1534 1934 1983 1992 D'HISTOIRE
2016 1927 2676 2003 ECCLESIASTIQUE
2710 1946 2819 1999 ET
2851 1934 3472 2001 D'ARCHEOLOGIE
3507 1932 3803 2000 SACREE

2007 2109 2090 2163 IN
2153 2110 2413 2167 LUCEM
2477 2114 2869 2171 EDUNTUR.

2655 2273 3093 2331 VALENTIAM
3157 2258 3239 2330 IN
3307 2274 3580 2331 GALLIA

2001 2718 2263 2814 LEO
2331 2721 2531 2818 PP.
2600 2721 2883 2818 XIII.

2169 3077 2474 3133 DILECTI
2539 3077 2724 3132 FILII

1534 3231 1883 3290 SALUTEM
1948 3236 2042 3290 ET
2106 3235 2627 3293 APOSTOLICAM
2690 3236 3342 3293 BENEDICTIONEM.

1118 3458 1457 3611 Munus
1502 3531 1713 3636 quod
1758 3528 2002 3614 Nobis
2048 3528 2446 3615 obtulistis
2510 3528 3168 3631 lucubrationum,
3215 3557 3418 3637 quae
3461 3559 3508 3613 a
3550 3528 3770 3615 vobis

1119 3691 1324 3771 stato
1390 3693 1743 3797 tempore
1810 3690 1907 3772 ad
1970 3688 2508 3799 defensionem
2573 3689 2926 3775 veritatis
2972 3697 3052 3774 et
3097 3691 3195 3772 ad
3250 3689 3770 3775 eruditionem

1116 3876 1208 3932 ac
1273 3849 1894 3936 aedificationem
1981 3851 2330 3937 fidelium
2414 3852 2495 3936 in
2580 3851 2977 3962 publicam
3061 3852 3316 3936 lucem
3405 3852 3768 3955 eduntur,

1114 4009 1498 4095 benevolo
1593 4038 1909 4120 prorsus
2005 4011 2266 4097 animo
2364 4011 2839 4122 excepimus,
2945 4010 3465 4120 Perspicuum
3561 4009 3771 4095 enim

1117 4172 1408 4277 Nobis,
1484 4173 1774 4259 Dilecti
1861 4173 2095 4277 Filii,
2172 4182 2732 4285 argumentum
2810 4173 3174 4285 praebuit
3258 4172 3469 4256 illius
3533 4170 3771 4256 studii

1120 4361 1274 4442 quo
1338 4338 1814 4445 respondere
1904 4334 2377 4420 contenditis
2452 4333 2859 4420 desideriis
2934 4333 3279 4435 Nostris,
3360 4331 3495 4443 qui
3575 4330 3772 4415 nihil

1117 4493 1374 4605 magis
1439 4501 1799 4604 optamus
1864 4494 2018 4580 hoc
2082 4500 2460 4604 tempore,
2509 4523 2745 4603 quam
2808 4500 2899 4578 ut
2954 4491 3353 4603 germanis
3398 4490 3772 4577 historiae

1119 4655 1651 4740 monumentis
1716 4655 2124 4740 mendacia
2170 4663 2250 4740 et
2295 4682 2599 4740 errores
2664 4654 3079 4740 infidorum
3136 4654 3603 4764 scriptorum
3646 4683 3772 4740 re-

1119 4816 1515 4920 fellantur,
1584 4846 1675 4901 ac
1742 4844 1976 4902 sanae
2041 4815 2444 4902 doctrinae
2509 4816 2888 4926 pabulum
2954 4820 3051 4901 ad
3125 4817 3440 4928 pietatis
3506 4824 3585 4902 et
3648 4846 3772 4903 re-

1121 4974 1442 5086 ligionis
1508 4975 1930 5060 utilitatem
1993 4982 2499 5085 propagetur.
2569 4975 2769 5060 Cum
2852 5004 2989 5060 vos
3066 4975 3215 5059 hac
3282 4974 3576 5087 optima
3639 5004 3774 5061 vo-

1122 5139 1426 5223 luntate
1471 5137 1863 5248 praeditos
1909 5166 2080 5223 esse
2127 5138 2579 5239 ostendatis,
2648 5138 3014 5222 Nostram
3079 5138 3393 5222 laudem
3439 5136 3777 5222 libenter

1125 5298 1295 5384 zelo
1361 5304 1621 5382 vestro
1688 5294 2128 5401 tribuimUS,
2196 5325 2288 5380 ac
2353 5296 2681 5382 firmiter
2745 5296 3226 5400 confidimus,
3293 5325 3430 5382 vos
3494 5324 3635 5406 pro
3680 5324 3773 5383 eo
