4497 6714
3095 808 3237 885 123

1287 1145 1951 1278 EPISTOLA
2049 1147 2826 1280 ENOYOLIOA

796 1497 897 1552 DE
962 1498 1586 1558 PERSEVERANTIA
1650 1504 1735 1559 IN
1797 1504 1896 1559 EA
1961 1506 2345 1563 PRECANDI
2410 1505 2741 1562 RATIONE
2808 1506 2903 1561 ET
2969 1499 3327 1560 FORMULA

1325 1662 1528 1729 QUAE
1595 1656 2008 1712 ROSARJUM
2047 1660 2408 1713 MARJALE
2466 1666 2805 1723 DICITUR.

1624 2095 1876 2192 LEO
1943 2096 2140 2192 ΡΡ.
2211 2096 2493 2191 XIII.

1598 2451 2127 2508 VENERABILES
2192 2451 2531 2507 FRATRES

1178 2610 1532 2669 SALUTEM
1595 2614 1691 2669 ET
1755 2613 2276 2673 APOSTOLICAM
2340 2612 2992 2672 BENEDICTIONEM.

740 2843 1191 3031 Superiora
1243 2953 1472 3030 anno,
1511 2930 1721 3036 quod
1784 2926 2079 3040 singuli
2124 2925 2473 3030 novistiS,
2520 2954 2661 3038 per
2722 2923 3026 3011 litteras
3069 2926 3399 3011 Nostras

734 3083 1191 3191 Encyclicas
1255 3087 1772 3191 decrevimus,
1841 3088 2055 3174 utin
2098 3087 2462 3174 omnibus
2529 3083 2898 3172 catholici
2946 3086 3156 3172 orbis
3219 3115 3400 3197 par-

734 3243 977 3348 tibus,
1037 3246 1136 3328 ad
1185 3245 1527 3334 caeleste
1572 3248 2048 3360 praesidium
2093 3245 2482 3333 laboranti
2526 3245 2934 3333 Ecclesiae
2978 3246 3406 3359 impetran-

738 3405 950 3507 dum,
1018 3435 1314 3518 magna
1387 3408 1538 3495 Dei
1604 3411 1860 3496 Mater
1900 3408 2393 3495 sanctissimo
2459 3407 2767 3494 Rosarii
2831 3407 3015 3512 ritu,
3085 3406 3404 3495 Octobri

743 3571 938 3670 toto,
1008 3567 1425 3654 coleretur.
1494 3572 1587 3654 In
1654 3599 1812 3681 quo
1878 3577 1960 3657 et
2025 3568 2405 3654 iudicium
2448 3568 2827 3653 Nostrum
2903 3575 2984 3654 et
3048 3567 3412 3681 exempla

635 3810 646 3820 .
746 3730 1066 3840 sequuti
1112 3761 1385 3818 sumus
1418 3734 1947 3819 Decessorum
1990 3733 2483 3832 Nostrorum,
2531 3729 2664 3839 qui
2700 3728 3178 3814 difficillimis
3256 3730 3410 3813 Ec-

752 3892 1038 3980 clesiae
1103 3894 1592 4005 temporibus
1637 3902 1868 3980 aucto
1902 3892 2219 4006 pietatis
2265 3891 2525 3977 studio
2591 3894 2690 3976 ad
2746 3898 3167 4004 augustam
3233 3891 3409 3977 Vir-

747 4053 1018 4166 ginem
1084 4056 1541 4166 confugere,
1611 4083 2000 4167 opemque
2067 4054 2238 4141 eius
2304 4052 2631 4138 summis
2696 4053 3064 4164 precibus
3129 4052 3409 4165 implo-

752 4243 927 4300 rare
997 4223 1602 4302 consueverunt.
1672 4266 1793 4281 —
1857 4215 2263 4304 Voluntati
2346 4243 2531 4301 vero
2596 4213 2711 4298 illi
2795 4216 3128 4301 Nostrae
3194 4221 3415 4300 tanta

752 4374 1198 4463 animorum
1267 4376 1673 4462 alacritate
1720 4383 1801 4462 et
1868 4376 2283 4463 concordia
2327 4375 2622 4486 ubique
2688 4375 3042 4461 locorum
3108 4378 3414 4462 obtem-

752 4542 1115 4646 peratum
1182 4543 1337 4639 est‚
1404 4543 1494 4622 ut
1558 4537 2003 4623 luculenter
2087 4536 2538 4649 apparuerit
2602 4543 2944 4646 quantus
3007 4535 3414 4648 religionis

757 4702 838 4780 et
903 4694 1219 4806 pictatis
1285 4700 1515 4782 ardor
1579 4704 1836 4785 exstet
1900 4697 1980 4782 in
2026 4698 2317 4809 populo
2385 4696 2836 4802 christiam,
2894 4704 2976 4783 et
3041 4701 3415 4808 quantam

758 4855 839 4939 in
884 4857 1206 4943 caelesti
1270 4857 1565 4944 Mariae
1609 4857 1958 4969 Virginis
2022 4855 2455 4969 patrocinio
2512 4885 2734 4968 spem
2798 4856 3145 4944 universi
3186 4885 3413 4969 repo-

760 5025 977 5107 nant.
1048 5018 1301 5124 Quem
1368 5020 1686 5130 quidem
1753 5018 2194 5106 declaratae
2259 5018 2575 5129 pietatis
2639 5025 2720 5105 et
2784 5017 2963 5104 fidei
3030 5019 3418 5114 servorem

761 5179 948 5284 Nost,
1014 5185 1237 5264 tanta
1323 5180 1860 5266 molestiarum
1928 5187 2009 5266 et
2074 5178 2462 5264 malorum
2526 5179 2734 5264 mole
2802 5185 3194 5290 gravatos,
3262 5207 3421 5264 non

764 5338 1138 5423 mediocri
1196 5341 1727 5426 consolatione
1774 5340 2089 5426 leniisse
2134 5340 2618 5451 profitemur,
2666 5339 2822 5425 imo
2889 5341 3239 5426 animum
3284 5343 3420 5425 ad-
