4497 6714
1093 765 1241 843 100

1396 1109 2072 1239 LITTERAE
2160 1108 3100 1240 APOSTOLIOAE

902 1483 1176 1551 QUIBUS
1221 1483 1499 1537 TEMPLI
1532 1482 2065 1549 SODALITIIQUE
2100 1483 2668 1540 STIGMATICIANI
2701 1482 3220 1540 PATROCINIUM
3248 1480 3607 1551 SUSCIP1T‚

1267 1644 1362 1698 ET
1426 1642 1779 1698 DOMINICI
1842 1642 2183 1699 IACOBINI
2247 1642 2822 1700 ARCHIEPISCOPI
2887 1643 3247 1698 TYRENSIS

1408 1802 1831 1858 PRIMICERII
1925 1802 2633 1870 UNIVERSORUMQUE
2722 1803 3106 1860 SODALIUM

1459 1966 1796 2022 EIUSDEM
1861 1966 2240 2022 INSTITUTI
2297 1967 2680 2021 PIETATEM
2736 1966 3063 2023 LAUDAT.

1817 2343 2075 2437 LEO
2146 2344 2339 2438 PP.
2409 2334 2693 2437 XHI.

1599 2629 1699 2683 AD
1766 2628 2222 2685 PERPETUAM
2289 2630 2416 2682 REI
2482 2626 2909 2681 MEMORIAM.

939 2828 1204 2978 suavi
1278 2883 1411 2967 illa
1476 2883 1556 2967 in
1622 2885 1961 2969 Beatum
2052 2882 2562 2968 Franciscum
2659 2881 3182 2967 Assisiensem
3266 2882 3584 2993 pietate,

940 3072 1175 3153 quam
1239 3043 1402 3128 Nos
1437 3044 1533 3127 ab
1600 3043 2127 3128 adolescentia
2193 3050 2675 3153 conceptam,
2709 3042 3013 3151 reliquo
3078 3041 3285 3126 vitae
3354 3071 3586 3125 cursu

938 3203 1285 3289 studiose
1330 3203 1820 3305 retinuimuS,
1856 3211 2395 3314 perpetuoque
2449 3202 2987 3305 retinebimuS‚
3042 3230 3590 3311 permovemur

942 3395 1032 3450 ac
1096 3395 1336 3476 prope
1401 3365 1907 3476 impellimur,
1975 3373 2064 3449 ut
2127 3394 2608 3477 magnopere
2673 3365 3095 3476 diligamus
3162 3393 3587 3474 quaecum-

944 3554 1097 3636 que
1164 3532 1346 3610 sunt
1412 3528 1509 3609 ad
1550 3524 1934 3611 honorem
1998 3525 2317 3610 maximi
2400 3525 3028 3634 sanctissimique
3071 3524 3214 3610 viri
3257 3526 3583 3611 utiliter

942 3685 1323 3770 instituta.
1392 3686 1514 3767 Ex
1580 3712 1735 3793 quo
1801 3683 1911 3784 fit,
1979 3690 2068 3767 ut
2130 3683 2628 3768 sodalitatem
2681 3684 2926 3769 Nobis
2991 3693 3336 3770 vestram
3421 3685 3594 3794 ipsa

943 3845 1065 3929 sui
1133 3851 1410 3928 natura
1475 3844 1831 3953 ratioque
1900 3845 2437 3929 commendet:
2484 3851 2605 3929 est
2670 3843 2880 3929 enim
2945 3844 3287 3929 instituti
3352 3845 3593 3929 vestri

941 4003 1069 4114 pie
1136 4004 1391 4089 colere
1436 4001 1948 4086 Franciscum
2014 4004 2356 4105 Patrem,
2390 4002 2966 4114 praecipuaque
3032 4002 3417 4114 religione
3469 4033 3594 4088 re-

944 4165 1476 4252 cordationem
1542 4164 1710 4249 eius
1776 4164 1890 4250 rei
1959 4192 2462 4266 consecrare,
2545 4193 2701 4273 qua
2765 4163 2966 4248 nihil
3032 4169 3180 4250 est'
3218 4195 3317 4250 ex
3385 4164 3595 4250 omni

947 4326 1116 4411 eius
1180 4324 1341 4408 vita
1403 4323 1656 4407 maius
1722 4331 1858 4408 aut
1921 4322 2381 4426 mirabiliuS‚
2440 4351 2843 4408 sacrorum
2907 4325 3208 4410 scilicet
3272 4325 3598 4437 stigma-

944 4492 1160 4586 tum,
1236 4511 1436 4593 quae
1533 4482 1837 4593 corpori
1933 4483 2101 4567 eius
2188 4481 2561 4567 divinitus
2658 4484 3037 4595 impressa
3132 4492 3339 4570 sunt.
3437 4487 3600 4572 Nos

948 4643 1266 4754 quidem
1329 4642 1709 4728 memoria
1741 4650 2102 4728 tenemus
2167 4642 2437 4754 magni
2482 4649 2727 4729 testes
2785 4639 3147 4731 miraculi
3183 4643 3598 4731 Alverniae

948 4805 1160 4914 iuga,
1218 4802 1792 4914 cogitandaque
1828 4830 2008 4886 cum
2043 4802 2333 4886 virtute
2367 4801 2536 4904 viri,
2574 4810 2746 4886 tum
2790 4802 3091 4913 prolixa
3125 4803 3207 4887 in
3242 4832 3426 4889 eum
3458 4807 3599 4890 be-

949 4963 1337 5075 nignitate
1391 4963 1675 5065 divina,
1720 4962 2159 5047 incredibili
2204 4962 2444 5046 animi
2497 4962 2986 5048 iucunditate
3034 4964 3600 5074 perfundimur.

950 5123 1073 5207 De
1140 5122 1495 5234 Collegio
1531 5130 1798 5208 autem
1841 5129 2127 5224 vestro,
2174 5122 2393 5205 illam
2458 5120 2653 5206 libet
2719 5122 2959 5208 etiam
2994 5151 3605 5210 commemorare

954 5283 1290 5385 laudem,
1337 5286 1546 5391 quod
1611 5311 2013 5391 nunquam
2074 5281 2528 5367 hominibus
2595 5282 2846 5366 caruit
2909 5311 3066 5367 non
3143 5284 3400 5369 solum
3463 5312 3606 5396 ge-
