4497 6714
1277 808 1427 888 190

2108 1159 2776 1291 EPISTOLA

1938 1497 2285 1553 DILECTIS
2349 1498 2574 1553 FILIIS
2639 1497 2951 1554 NOSTRIS

1427 1651 1747 1711 IOSEPHO
1813 1657 1874 1712 S.
1943 1658 2015 1712 Ε.
2083 1658 2156 1714 Β.
2223 1659 2712 1716 PRESBYTERO
2779 1659 3194 1717 CARDINALI
3270 1658 3468 1715 NETO

1177 1814 1703 1873 PATRIARCHAE
1769 1818 2215 1876 LISBONENSI
2270 1822 2365 1877 ET
2412 1821 2746 1879 AMERICO
2812 1823 2872 1877 S.
2941 1822 3015 1878 E.
3083 1822 3155 1877 R.
3222 1820 3707 1877 PRESBYTERO

1592 1977 2003 2036 CARDINALI
2068 1982 2449 2038 FERREIRA
2514 1982 2656 2039 DOS
2722 1983 3002 2040 SANTOS
3068 1981 3283 2038 SILVA

1217 2139 1577 2197 EPISCOPO
1641 2141 2319 2219 PORTUGALLIENffl,
2387 2145 2482 2202 Ac
2557 2144 3171 2201 VENERABILIBUS
3246 2142 3667 2200 FRATRIBUS

1362 2300 1975 2362 ARCHIEPISCOPIS
2040 2307 2135 2361 ET
2199 2306 2582 2364 EPISCOPIS
2647 2305 3005 2362 REGIONIS
3070 2303 3517 2363 LUSITANAE.

1983 2699 2239 2795 LEO
2310 2702 2510 2797 PP.
2585 2701 2874 2795 XIII.

1584 3004 1889 3061 DILECTI
1953 3004 2136 3059 FILII
2201 3003 2475 3060 NOSTRI
2540 3004 2635 3059 ET
2700 3003 2878 3058 VEN.
2945 3002 3282 3057 FRATRES

1531 3164 1880 3222 SALUTEM
1943 3165 2038 3221 ET
2104 3165 2624 3222 APOSTOLICAM
2688 3163 3342 3222 BENEDICTIONEM.

1105 3351 1655 3507 Gratissimae
1721 3421 1968 3508 Nobis
2032 3425 2355 3508 fuerunt
2418 3420 2732 3508 litterae
2777 3450 2972 3531 quas
3037 3423 3136 3504 ad
3181 3420 3345 3504 Nos
3409 3417 3759 3503 unanimi

1100 3585 1393 3671 affectu
1456 3584 1834 3689 dedistiS,
1922 3592 2168 3671 testes
2256 3584 2799 3670 observantiae
2880 3590 3187 3669 vestrae
3275 3611 3470 3694 erga
3551 3579 3757 3666 hanc

1105 3744 1638 3855 Apostolicam
1705 3745 2013 3848 Sedem,
2081 3774 2173 3830 ac
2235 3743 2765 3830 venerationis
2831 3752 2911 3830 et
2965 3742 3324 3852 obsequii
3368 3770 3525 3851 quo
3567 3741 3758 3852 Epi-

1100 3907 1384 3993 stolam
1427 3907 1797 3993 Nostram
1841 3905 2365 4015 Encyclicam‚
2414 3906 2637 3991 cuius
2684 3904 2997 3990 initium
3071 3937 3105 3984 «
3144 3909 3579 3993 Humanum
3624 3937 3753 4017 qe-

1097 4100 1239 4156 nus
1276 4100 1311 4148 »
1386 4066 1512 4152 die
1578 4067 1962 4178 vigesima
2039 4066 2332 4178 Aprilis
2418 4066 2570 4152 hoc
2657 4096 2861 4153 anno
2951 4065 3242 4152 editam
3308 4063 3750 4176 excepistis,

1097 4226 1655 4339 Perspeximus
1721 4227 1930 4314 enim
1998 4256 2094 4314 ex
2161 4227 2257 4312 iis
2299 4255 2438 4315 vos
2480 4228 2796 4338 penitus
2839 4255 3268 4339 agnoscere
3335 4255 3426 4310 ac
3481 4225 3751 4336 deplo-

1096 4417 1268 4474 rare
1335 4388 1799 4510 gravissima
1862 4391 2148 4473 damna
2191 4418 2392 4499 quae
2440 4419 2535 4475 ex
2580 4388 3019 4501 pernicioso
3085 4415 3532 4472 massonum
3584 4388 3749 4472 foe-

1092 4552 1279 4635 dere
1344 4549 1426 4633 in
1490 4548 1932 4634 Ecclesiam
1998 4556 2079 4637 et
2143 4549 2456 4635 civilem
2522 4551 2979 4636 societatem
3042 4549 3467 4654 dimanant,
3533 4578 3623 4634 ac
3667 4547 3747 4632 in

1091 4716 1310 4794 tanto
1377 4707 1809 4794 certamine
1877 4708 2227 4794 studium
2291 4709 2487 4796 illud
2550 4740 2830 4822 gerere
2896 4710 3195 4824 gloriae
3262 4709 3414 4796 Dei
3478 4717 3559 4796 et
3622 4739 3744 4795 sa-

1089 4867 1278 4954 lutis
1342 4868 1805 4974 animarum,
1874 4873 2083 4982 quod
2111 4872 2554 4993 ‚Pastoralis
2599 4873 2840 4960 vestri
2894 4871 3308 4959 ministerii
3373 4870 3746 4956 sanctitas

1087 5031 1404 5119 omnino
1471 5062 1517 5117 a
1578 5033 1800 5119 vobis
1878 5031 2254 5144 exposcit.
2344 5034 2520 5119 Hoc
2607 5036 2957 5146 profecto
3042 5032 3508 5120 sacerdotali
3571 5033 3742 5119 zelo

1085 5190 1285 5276 nihil
1348 5192 1512 5278 Nos
1576 5191 1893 5304 dignius
1957 5200 2037 5278 et
2100 5194 2617 5305 opportunius
2704 5194 3294 5299 existimamUS‚
3375 5222 3556 5280 cum
3621 5191 3738 5278 vi-

1084 5357 1407 5440 deamus
1474 5362 1954 5467 quantopere
2017 5356 2329 5442 intersit
2393 5387 2654 5444 sacros
2717 5360 3085 5444 Pastores
3150 5356 3429 5442 animis
3473 5356 3554 5440 in
3598 5384 3728 5440 ca-
