4497 6714
3155 802 3294 878 153

794 987 1075 1075 Sacrae
1125 990 1780 1101 Congregationis
1830 988 2274 1074 Christiano
2321 987 2614 1071 nomini
2653 988 3180 1097 propagando.
3231 983 3453 1068 cuius

793 1153 1137 1238 consiliis
1204 1160 1284 1239 et
1347 1153 1801 1273 ministeriis
1847 1152 2100 1237 Iidem
2146 1160 2529 1263 perpetuo
2576 1150 2696 1234 usi
2755 1155 2961 1251 sunt,
2997 1156 3086 1232 ut
3130 1156 3446 1257 septen-

797 1314 1149 1400 trionalis
1214 1315 1625 1401 Americae
1671 1314 2056 1426 spirituali
2102 1313 2425 1398 utilitati
2473 1312 2996 1397 consulerent.
3050 1360 3165 1372 --
3206 1313 3451 1394 Porro

798 1481 1073 1563 eadem
1161 1476 1396 1562 Sacra
1484 1476 2017 1587 Congrcgatio
2096 1474 2668 1561 Decessoribus
2745 1473 3052 1558 Nostris
3137 1501 3454 1583 operam

797 1670 1114 1740 navam,
1182 1641 1388 1725 inter
1452 1639 1604 1723 alia
1670 1639 1792 1722 sui
1859 1638 2095 1722 studii
2163 1643 2632 1748 argumenta
2699 1666 2889 1746 erga
2955 1664 3130 1719 eam
3193 1633 3456 1745 regio-

795 1831 1000 1903 nem,
1066 1800 1220 1887 hoc
1287 1801 1528 1885 etiam
1595 1798 1977 1901 exhibuit,
2049 1807 2135 1884 ut
2201 1827 2486 1909 nempe
2533 1796 2892 1881 admissis
2937 1796 3018 1878 in
3063 1793 3452 1881 Urbania-

797 1992 987 2046 num
1058 1961 1502 2073 Collegium
1538 1962 1707 2047 eius
1750 1960 2100 2071 regionis
2136 1959 2496 2062 alumnis,
2545 1988 2644 2043 ex
2707 1957 2802 2042 iis
2866 1985 3108 2043 novos
3163 1956 3243 2041 in
3290 1956 3458 2042 dies

800 2122 1215 2233 Evangelii
1278 2150 1706 2233 praecones
1772 2121 1852 2204 in
1916 2124 2111 2207 urbe
2178 2120 2421 2207 totius
2490 2118 2896 2204 christiani
2950 2117 3159 2203 orbis
3244 2117 3458 2229 prin-

802 2284 998 2396 cipe,
1065 2283 1146 2368 in
1211 2283 1400 2395 ipsis
1465 2282 1942 2369 Pontificum
2007 2283 2280 2385 oculiS‚
2320 2284 2417 2366 ad
2482 2281 2860 2391 pietatem
2926 2286 3005 2364 et
3050 2278 3460 2365 scientiam

802 2472 941 2554 pro
1008 2443 1421 2529 Americae
1486 2443 1825 2529 borealis
1892 2444 2266 2553 gentibus
2355 2441 2717 2552 diligenti
2783 2438 3276 2524 institutione
3343 2440 3463 2523 in-

804 2607 1251 2691 formandos
1318 2611 1755 2716 opportune
1824 2612 2156 2689 curaret.
2227 2602 2568 2688 Illustris
2634 2609 2902 2687 autem
2949 2600 3463 2687 Americanae

804 2765 1069 2877 gentis
1137 2766 1390 2851 electa
1454 2794 1632 2875 pars
1710 2771 1829 2849 tot
1913 2764 2313 2874 tantisque
2403 2763 2906 2879 Summorum
2989 2761 3464 2847 Pontificum

805 2926 1249 3013 dilectionis
1313 2925 1786 3012 testimoniis
1851 2925 1960 3010 ita
2011 2925 2436 3037 respondit,
2505 2931 2594 3009 ut
2659 2953 2896 3034 quam
2962 2926 3058 3009 de
3104 2953 3188 3009 se
3225 2952 3463 3035 expe-

810 3085 1234 3171 ctationem
1300 3085 1803 3182 excitaverat,
1872 3085 2130 3170 eidem
2194 3083 2640 3169 luculenter
2701 3113 2786 3168 re
2853 3082 3020 3193 ipsa
3063 3081 3465 3168 satisfece-

806 3247 931 3331 rit.
998 3246 1352 3357 Egregia
1417 3246 1625 3331 enim
1693 3275 2002 3355 semper
2066 3252 2536 3355 argumenta
2601 3243 2962 3356 praebuit
3040 3243 3163 3328 sui
3230 3243 3469 3329 studii

809 3437 1000 3519 erga
1066 3406 1535 3492 catholicam
1601 3407 2094 3517 religionem,
2164 3437 2256 3492 ac
2321 3407 2578 3491 filialis
2667 3407 3162 3494 obedientiae
3229 3410 3467 3493 devo-

814 3577 1101 3679 taeque
1168 3568 1593 3654 voluntatis
1660 3597 1853 3678 erga
1916 3566 2452 3679 Apostolicam
2517 3566 2839 3672 Sedem,
2907 3568 3162 3679 Eique
3227 3569 3471 3655 firmis

812 3733 1168 3843 obsequii
1234 3732 1567 3817 vinculis
1633 3761 1806 3816 sese
1853 3732 2300 3818 devinctam
2365 3731 2733 3817 ostendit.
2784 3731 2954 3835 Qua
3000 3732 3078 3815 in
3124 3762 3210 3818 re
3245 3762 3471 3844 prae-

812 3892 1122 4005 cipuam
1188 3892 1948 4016 commendationem
2014 3892 2215 3977 sacri
2276 3892 2445 3977 eius
2490 3892 2843 4003 regionis
2908 3894 3279 3977 Pastores
3325 3892 3474 3976 sibi

811 4054 1230 4158 vindicant,
1299 4084 1630 4164 quorum
1701 4054 2219 4139 concordibus
2285 4061 2365 4141 et
2430 4053 2762 4138 assiduis
2809 4053 3210 4139 laboribus
3252 4052 3475 4138 brevi

811 4244 904 4302 eo
970 4245 1095 4301 res
1139 4219 1521 4300 adductae
1589 4184 1830 4316 fuere,
1900 4203 1989 4298 ut
2063 4214 2544 4325 amplissima
2610 4213 3057 4324 Episcopali
3141 4212 3470 4298 Hierar-

816 4372 993 4458 chia
1058 4404 1198 4484 per
1262 4380 1734 4459 memoratos
1802 4381 2053 4458 status
2122 4372 2570 4472 constituta,
2617 4371 3009 4483 religiosis
3054 4370 3476 4457 Ordinibus

818 4534 1173 4637 invectiS‚
1245 4533 1651 4620 Catholica
1715 4534 2208 4619 institutione
2276 4533 2582 4636 diffusa,
2650 4531 2893 4616 veluti
2960 4562 3250 4617 novum
3316 4534 3470 4616 Ec-

815 4693 1098 4779 clesiae
1165 4693 1568 4804 spirituale
1635 4723 1974 4804 regnum
2038 4693 2120 4777 in
2165 4692 2262 4777 iis
2326 4692 2784 4803 regionibus
2831 4691 3281 4778 effloruerit.

1001 4854 1223 4939 Haec
1288 4883 1579 4964 magna
1626 4884 1806 4938 cum
1842 4853 2375 4938 consolatione
2443 4852 2843 4938 intuentes
2888 4853 3226 4938 Romani
3262 4855 3473 4938 Pon-

810 5013 1083 5119 tificeS,
1134 5014 1255 5100 sui
1301 5013 1648 5100 muneris
1712 5021 2246 5125 paternaeque
2313 5041 2502 5098 suae
2570 5042 2763 5123 erga
2826 5012 3216 5099 illustrem
3260 5013 3476 5098 illam

814 5183 1121 5286 partem
1186 5175 1557 5260 dominici
1623 5176 1895 5287 gregis
1959 5174 2553 5261 bevevolentiae
2631 5202 2802 5260 esse
2869 5176 3264 5260 duxerunt
3299 5241 3318 5278 ‚
3388 5182 3475 5260 ut

817 5335 1112 5419 maiora
1181 5336 1417 5421 etiam
1483 5335 1563 5419 in
1631 5336 1801 5420 eius
1866 5336 2291 5419 utilitatem
2338 5338 2792 5444 peragenda
2828 5342 3215 5421 curarent.
3268 5334 3476 5439 Qua-
