4497 6714
1228 845 1376 926 198

1986 1254 1987 1257 Ὗ
2062 1051 2735 1183 urlsroLA

1992 1387 2459 1445 VENERABm
2522 1386 2798 1444 FRATRI

1727 1549 2070 1608 EUGENro
2145 1550 2506 1654 Episcopo
2587 1547 3052 1605 BASILEENSI.

2315 1710 2727 1768 AucusrAM
2789 1705 3310 1766 monacorum

2597 1841 3112 1954 (sotorumzu)

1946 2246 2199 2342 LEO
2271 2249 2470 2343 ΡΡ.
2546 2246 2832 2342 XIII.

1975 2569 2480 2625 VENERABILIS
2544 2568 2840 2625 FRATER

1490 2728 1838 2788 SALUTEM
1902 2731 1997 2786 ET
2061 2730 2579 2789 APOSTOLICAM
2642 2729 3293 2787 BENEDICTIONEM.

1074 2903 1447 3053 Litteras
1510 2967 1871 3079 legentes
1937 2998 1982 3052 a
2067 2970 2177 3055 'Pe
2243 2970 2465 3054 datas
2549 2968 3078 3055 nobilissimos
3162 2967 3279 3054 tui
3370 2965 3732 3076 obsequii

1076 3135 1157 3215 et
1221 3131 1550 3215 devotae
1615 3130 2041 3216 voluntatis
2107 3159 2385 3216 sensus
2452 3159 2646 3243 erga
2709 3131 2873 3217 Nos
2960 3121 3041 3217 et
3103 3127 3310 3215 hanc
3395 3127 3732 3241 Aposto-

1073 3289 1308 3376 licam
1404 3289 1689 3377 Sedem
1775 3320 2064 3403 magna
2162 3320 2343 3378 cum
2439 3292 2843 3407 voluptate
2939 3291 3535 3406 perspeximus,
3636 3318 3734 3377 ex

1078 3452 1364 3564 quibus
1429 3453 1778 3540 enitebat
1864 3452 2100 3537 simul
2182 3461 2368 3540 tuus
2434 3454 2939 3539 sacerdotalis
3024 3453 3331 3538 animus
3416 3482 3506 3537 ac
3572 3450 3733 3536 sin-

1075 3612 1354 3724 gulare
1417 3612 1764 3698 studium
1829 3615 2040 3724 quod
2103 3621 2183 3699 te
2253 3616 2352 3698 ad
2409 3614 2755 3700 rationes
2819 3612 3226 3725 religionis
3293 3621 3375 3699 et
3435 3614 3734 3699 bonum

1076 3772 1482 3886 spirituale
1547 3780 1867 3859 tuorum
1910 3774 2264 3860 fidelium
2325 3777 2756 3859 curandum
2820 3775 3192 3861 incendit.
3266 3773 3732 3861 Vehementi

1078 3934 1288 4020 enim
1375 3934 1764 4022 desiderio
1840 3936 2172 4022 affectus
2207 4002 2226 4041 ‚
2316 3936 2806 4023 Venerabilis
2890 3939 3225 4041 Frater,
3308 3944 3399 4021 ut
3485 3966 3732 4046 quan-

1075 4102 1247 4181 tum
1309 4095 1392 4180 in
1456 4103 1535 4182 te
1604 4103 1725 4182 est
1786 4097 2207 4209 religiosae
2284 4096 2458 4208 paci
2541 4096 3094 4184 instaurandae
3159 4097 3241 4180 in
3303 4096 3455 4182 ista
3517 4096 3734 4182 dioe-

1076 4258 1236 4345 cesi
1301 4287 1620 4369 operam
1686 4288 1948 4363 naveS‚
2016 4257 2526 4368 animumque
2594 4258 2910 4370 erigens
2954 4262 3054 4344 ad
3120 4288 3251 4345 eas
3317 4258 3732 4370 cogitatio-

1076 4450 1217 4508 nes
1283 4450 1486 4533 quae
1551 4420 2079 4507 humanarum
2119 4451 2388 4508 rerum
2453 4421 2797 4507 rationes
2865 4424 3279 4524 excedunt,
3347 4450 3438 4506 ac
3495 4418 3734 4504 huius

1078 4578 1577 4692 Apostolicae
1612 4581 1836 4668 Sedis
1871 4581 2220 4667 consiliis
2256 4580 2703 4686 inhaerens,
2739 4581 3182 4692 praetulisti
3214 4609 3432 4667 more
3467 4609 3733 4667 exem-

1077 4740 1368 4853 ploque
1431 4741 1778 4851 plurium
1844 4739 2274 4826 illustrium
2339 4741 2748 4827 Ecclesiae
2811 4740 3278 4826 Antistitum
3346 4742 3443 4825 ab
3508 4740 3734 4827 istius

1077 4907 1260 4988 tuae
1325 4902 1806 4989 Basileensis
1871 4902 2079 4988 sedis
2162 4901 2720 5012 procuratione
2797 4906 3204 5006 recedere,
3272 4930 3510 5011 quam
3571 4902 3734 5014 pati

1080 5061 1609 5173 importunam
1644 5093 1817 5150 eam
1880 5092 2147 5150 rerum
2182 5062 2714 5149 conditionem
2777 5062 2955 5148 istic
2997 5064 3294 5175 vigere,
3344 5091 3546 5172 quae
3591 5063 3736 5149 tibi

1080 5226 1417 5312 moerori
1485 5235 1676 5332 erat,
1725 5234 1804 5313 et
1846 5225 2073 5313 bonis
2139 5224 2505 5311 omnibus
2543 5224 2999 5310 iamdudum
3064 5254 3222 5311 non
3264 5226 3523 5313 levem
3566 5255 3733 5312 mo-

1080 5386 1356 5476 lestiae
1407 5417 1725 5475 causam
1779 5390 2180 5476 afferebat.
2229 5386 2405 5472 Hoc
2463 5375 2960 5474 luculentum
3003 5388 3506 5475 sacerdotalis
3550 5394 3732 5473 tuae
