4497 6714
1293 780 1440 858 156

1319 975 1466 1056 ΙΙΙ.
1536 969 2125 1080 Archiepiscopi
2191 977 2271 1053 et
2335 969 2727 1079 Episcopi,
2776 969 3084 1079 quibuS,
3145 978 3235 1055 ut
3303 1000 3557 1082 supra,
3599 970 3780 1056 Col-

1134 1131 1326 1242 legii
1392 1129 1958 1215 administratio
2027 1129 2478 1214 concredita
2543 1136 2706 1231 est,
2797 1129 3032 1214 iidem
3102 1159 3281 1214 cum
3347 1134 3788 1217 moderator

1135 1294 1473 1377 alumnis
1541 1292 1878 1402 Collegii
1945 1292 2313 1402 regendis
2378 1293 2957 1377 renunciandus
3001 1292 3263 1396 fuerit,
3301 1300 3462 1377 tres
3529 1321 3787 1377 sacer-

1135 1458 1403 1555 doteS,
1496 1453 1631 1562 qui
1698 1455 1797 1536 ad
1871 1451 2020 1536 hoc
2087 1481 2374 1536 munus
2440 1455 2891 1538 obeundum
2957 1454 3220 1539 idonei
3285 1453 3431 1538 visi
3495 1452 3789 1537 fuerint

1138 1616 1374 1700 Sacro
1421 1613 1764 1698 Consilio
1830 1612 2054 1697 Fidei
2121 1616 2672 1723 propagandae
2712 1681 2730 1718 ,
2797 1621 3283 1724 proponant,
3348 1613 3467 1697 uti
3532 1642 3629 1698 ex
3693 1612 3789 1696 iis

1142 1777 1513 1863 Summus
1581 1773 1971 1875 Pontifex,
2039 1774 2306 1858 audito
2388 1775 2668 1861 Sacrae
2736 1776 3396 1886 Congregationis
3441 1749 3788 1877 consiliO,

1136 1937 1406 2047 eligat,
1477 1925 1713 2046 quem
1783 1935 2117 2045 Collegii
2183 1936 2553 2045 regimini
2619 1939 2979 2024 Rectoris
3045 1938 3361 2023 nomine
3424 1945 3503 2022 et
3566 1943 3789 2046 pote-

1131 2103 1347 2182 state
1414 2096 1836 2207 praeficiat.

1317 2259 1450 2346 IV.
1519 2260 1817 2343 Rector
1861 2257 1940 2341 in
1988 2259 2376 2359 omnibus,
2414 2288 2615 2368 quae
2682 2264 2780 2344 ad
2848 2259 3185 2370 Collegii
3218 2259 3574 2370 regimen
3611 2286 3790 2369 per-

1129 2419 1407 2521 tinent,
1447 2419 1626 2502 Emi
1695 2419 2016 2504 Patroni
2083 2449 2172 2504 ac
2217 2419 2786 2530 Episcoporum
2866 2420 3202 2531 Collegii
3267 2419 3788 2504 Administra-

1138 2588 1398 2666 torum
1464 2579 1914 2665 auctoritati
1959 2582 2463 2690 obsequatur,
2533 2580 2806 2691 eisque
2873 2589 3318 2666 accuratam
3383 2581 3498 2667 rei
3562 2580 3786 2665 fami-

1135 2743 1349 2828 liaris
1413 2742 1793 2828 rationem
1866 2750 2088 2828 sexto
2135 2744 2490 2853 quolibet
2557 2745 2742 2829 anni
2809 2774 3079 2831 mense
3144 2746 3441 2829 reddat.

1315 2904 1407 2989 V.
1474 2904 1770 2988 Rector
1835 2902 2068 3003 idem,
2133 2910 2223 2986 ut
2289 2932 2617 2988 munere
2684 2933 2827 2989 suo
2895 2902 3335 3014 expeditius
3387 2910 3468 2988 et
3514 2902 3785 2987 utilius

1123 3062 1492 3176 perfungi
1557 3070 1817 3173 queat,
1885 3071 2055 3148 tum
2120 3062 2200 3146 in
2298 3063 2394 3148 iis
2492 3093 2693 3173 quae
2781 3064 3366 3150 oeconomicam
3447 3061 3782 3173 Collegii

1129 3225 1671 3340 curationem,
1706 3232 1877 3309 tum
1943 3225 2022 3308 in
2088 3225 2182 3310 iis
2253 3254 2454 3336 quae
2508 3225 3003 3313 alumnorum
3050 3225 3541 3337 disciplinam
3607 3252 3784 3334 spe-

1124 3395 1361 3493 ctant,
1409 3386 1867 3498 opportunis
1932 3386 2424 3472 adiutoribus
2503 3394 2794 3472 utatur.
2868 3436 2983 3448 --
3040 3389 3471 3498 Propterea
3536 3385 3782 3496 ipsius

1125 3550 1296 3653 erit,
1362 3551 1562 3633 Ε1ῖ10
1627 3549 1972 3632 Patrono
2040 3550 2547 3658 approbante,
2616 3548 2987 3635 idoneum
3020 3550 3508 3634 sacerdotem
3570 3547 3780 3634 vica-

1122 3711 1327 3795 rium
1393 3738 1581 3796 suae
1648 3708 2063 3819 potestatis
2130 3710 2568 3796 adsciscere
2605 3777 2624 3815 ,
2705 3739 2853 3796 nec
2928 3738 3083 3795 non
3162 3716 3601 3796 curatorem
3665 3709 3781 3796 rei

1119 3870 1521 3957 familiaris
1590 3870 1926 3982 Collegii
1991 3873 2191 3956 Esno
2258 3874 2603 3957 Patrono
2671 3880 2751 3958 et
2809 3871 3217 3982 Episcopis
3260 3870 3779 3956 Administra-

1122 4033 1425 4118 toribus
1490 4061 1953 4143 proponere,
2023 4062 2114 4117 ac
2180 4036 2278 4118 de
2345 4033 2693 4143 ipsorum
2782 4061 3168 4119 consensu
3255 4032 3777 4137 constituere,

1120 4192 1257 4303 qui
1321 4192 1401 4275 in
1467 4222 1794 4278 munere
1863 4196 2303 4280 exercendo
2371 4225 2416 4277 a
2479 4193 2845 4278 Rectoris
2909 4192 3375 4279 auctoritate
3420 4200 3778 4304 nutuque

1124 4355 1470 4462 pendere
1535 4353 1880 4439 debebit.

1306 4514 1437 4598 VI.
1506 4516 1802 4598 Rector
1868 4516 2229 4599 omnibus
2306 4516 2642 4625 praesit,
2709 4544 2868 4600 non
2933 4513 3271 4599 alumnis
3335 4518 3567 4601 modo
3632 4518 3771 4602 sed

1116 4679 1198 4757 01
1260 4671 1596 4784 singulis
1662 4673 2085 4760 maioribus
2151 4705 2241 4759 ac
2308 4674 2740 4761 minoribus
2807 4674 3144 4787 Collegii
3209 4675 3709 4762 administris

1308 4834 1484 4920 VII.
1554 4833 1724 4918 Nec
1789 4834 1995 4918 inter
2059 4836 2419 4920 alumnos
2464 4834 2926 4920 admittatur
2991 4834 3404 4946 quispiam,
3457 4836 3608 4921 nisi
3641 4844 3779 4921 aut

1118 4992 1420 5078 ratione
1487 4993 1817 5103 originis
1883 5002 2019 5079 aut
2082 4995 2386 5081 ratione
2452 4995 2825 5082 domicilii
2911 4997 3039 5082 vel
3118 4996 3341 5107 quasi
3405 4955 3780 5083 domicilii

1123 5155 1742 5240 Foederatorum
1788 5154 2197 5241 Americae
2234 5156 2599 5243 Statuum
2657 5156 2846 5242 civis
2910 5157 3320 5264 habeatur,
3367 5165 3448 5244 et
3489 5158 3780 5245 consti-

1117 5312 1311 5397 tutis
1379 5313 1957 5397 conditionibus
2023 5314 2475 5419 satisfaciat,
2544 5346 2634 5399 ac
2699 5316 2994 5426 ingenii
3042 5347 3510 5428 morumque
3545 5319 3776 5403 laude
