<?xml version="1.0" encoding="UTF-8"?>
<!DOCTYPE html PUBLIC "-//W3C//DTD XHTML 1.0 Transitional//EN"
    "http://www.w3.org/TR/xhtml1/DTD/xhtml1-transitional.dtd">
<html xmlns="http://www.w3.org/1999/xhtml" xml:lang="en" lang="en">
 <head>
  <title>
</title>
<meta http-equiv="Content-Type" content="text/html;charset=utf-8" />
  <meta name='ocr-system' content='tesseract 3.04.00' />
  <meta name='ocr-capabilities' content='ocr_page ocr_carea ocr_par ocr_line ocrx_word'/>
</head>
<body>
  <div class='ocr_page' id='page_1' title='image "./leonisxiiiponti00churgoog_0103.png"; bbox 0 0 4497 6714; ppageno 0'>
   <div class='ocr_carea' id='block_1_1' title="bbox 3123 824 3215 901">
    <p class='ocr_par' dir='ltr' id='par_1_1' title="bbox 3123 824 3215 901">
     <span class='ocr_line' id='line_1_1' title="bbox 3123 824 3215 901; baseline 0 0"><span class='ocrx_word' id='word_1_1' title='bbox 3123 824 3215 901; x_wconf 81' lang='lat'>91</span> 
     </span>
    </p>
   </div>
   <div class='ocr_carea' id='block_1_2' title="bbox 720 1005 3397 2887">
    <p class='ocr_par' dir='ltr' id='par_1_2' title="bbox 720 1005 3395 2572">
     <span class='ocr_line' id='line_1_2' title="bbox 720 1005 3378 1116; baseline 0.001 -29"><span class='ocrx_word' id='word_1_2' title='bbox 720 1033 1111 1091; x_wconf 77' lang='lat' dir='ltr'>nonnemo</span> <span class='ocrx_word' id='word_1_3' title='bbox 1176 1005 1590 1089; x_wconf 89' lang='lat' dir='ltr'>mirabitur</span> <span class='ocrx_word' id='word_1_4' title='bbox 1655 1035 1795 1090; x_wconf 91' lang='lat' dir='ltr'>nos</span> <span class='ocrx_word' id='word_1_5' title='bbox 1858 1009 1955 1091; x_wconf 93' lang='lat' dir='ltr'>de</span> <span class='ocrx_word' id='word_1_6' title='bbox 2002 1006 2411 1091; x_wconf 75' lang='lat' dir='ltr'>nativitate</span> <span class='ocrx_word' id='word_1_7' title='bbox 2444 1008 2723 1091; x_wconf 87' lang='lat' dir='ltr'>beatae</span> <span class='ocrx_word' id='word_1_8' title='bbox 2771 1006 3119 1116; x_wconf 77' lang='lat' dir='ltr'>Virginis</span> <span class='ocrx_word' id='word_1_9' title='bbox 3179 1005 3378 1090; x_wconf 90' lang='lat' dir='ltr'>nihil</span> 
     </span>
     <span class='ocr_line' id='line_1_3' title="bbox 723 1165 3381 1278; baseline 0 -29"><span class='ocrx_word' id='word_1_10' title='bbox 723 1167 1005 1252; x_wconf 83' lang='lat' dir='ltr'>afferre</span> <span class='ocrx_word' id='word_1_11' title='bbox 1043 1196 1078 1270; x_wconf 83' lang='lat'>3.</span> <span class='ocrx_word' id='word_1_12' title='bbox 1131 1169 1270 1251; x_wconf 92' lang='lat' dir='ltr'>sed</span> <span class='ocrx_word' id='word_1_13' title='bbox 1336 1196 1516 1251; x_wconf 91' lang='lat' dir='ltr'>cum</span> <span class='ocrx_word' id='word_1_14' title='bbox 1582 1169 1679 1252; x_wconf 94' lang='lat' dir='ltr'>de</span> <span class='ocrx_word' id='word_1_15' title='bbox 1748 1198 1840 1253; x_wconf 98' lang='grc'>011</span> <span class='ocrx_word' id='word_1_16' title='bbox 1904 1196 2126 1252; x_wconf 82' lang='grc'><strong>311001</strong></span> <span class='ocrx_word' id='word_1_17' title='bbox 2191 1175 2457 1253; x_wconf 83' lang='lat' dir='ltr'>textus</span> <span class='ocrx_word' id='word_1_18' title='bbox 2505 1167 2820 1252; x_wconf 91' lang='lat' dir='ltr'>omnino</span> <span class='ocrx_word' id='word_1_19' title='bbox 2856 1166 3109 1269; x_wconf 88' lang='lat' dir='ltr'>sileat,</span> <span class='ocrx_word' id='word_1_20' title='bbox 3178 1165 3381 1278; x_wconf 89' lang='lat' dir='ltr'>opti-</span> 
     </span>
     <span class='ocr_line' id='line_1_4' title="bbox 725 1310 3381 1438; baseline -0 -28"><span class='ocrx_word' id='word_1_21' title='bbox 725 1326 941 1410; x_wconf 89' lang='lat' dir='ltr'>mum</span> <span class='ocrx_word' id='word_1_22' title='bbox 1006 1327 1452 1438; x_wconf 86' lang='lat' dir='ltr'>putavimus</span> <span class='ocrx_word' id='word_1_23' title='bbox 1518 1335 1598 1412; x_wconf 92' lang='lat' dir='ltr'>ct</span> <span class='ocrx_word' id='word_1_24' title='bbox 1663 1356 1804 1412; x_wconf 90' lang='lat' dir='ltr'>nos</span> <span class='ocrx_word' id='word_1_25' title='bbox 1870 1332 1967 1413; x_wconf 92' lang='lat' dir='ltr'>dc</span> <span class='ocrx_word' id='word_1_26' title='bbox 2033 1356 2117 1413; x_wconf 94' lang='lat' dir='ltr'>re</span> <span class='ocrx_word' id='word_1_27' title='bbox 2183 1310 2502 1438; x_wconf 87' lang='lat' dir='ltr'>prorsus</span> <span class='ocrx_word' id='word_1_28' title='bbox 2567 1326 2868 1412; x_wconf 89' lang='lat' dir='ltr'>incerta</span> <span class='ocrx_word' id='word_1_29' title='bbox 2931 1335 3219 1427; x_wconf 88' lang='lat' dir='ltr'>tacere,</span> <span class='ocrx_word' id='word_1_30' title='bbox 3284 1328 3381 1410; x_wconf 93' lang='lat' dir='ltr'>de</span> 
     </span>
     <span class='ocr_line' id='line_1_5' title="bbox 729 1486 3383 1599; baseline -0.001 -29"><span class='ocrx_word' id='word_1_31' title='bbox 729 1516 882 1597; x_wconf 90' lang='lat' dir='ltr'>qua</span> <span class='ocrx_word' id='word_1_32' title='bbox 949 1517 1128 1571; x_wconf 92' lang='lat' dir='ltr'>cum</span> <span class='ocrx_word' id='word_1_33' title='bbox 1192 1488 1457 1599; x_wconf 91' lang='lat' dir='ltr'>plures</span> <span class='ocrx_word' id='word_1_34' title='bbox 1523 1488 1865 1574; x_wconf 89' lang='lat' dir='ltr'>scribere</span> <span class='ocrx_word' id='word_1_35' title='bbox 1931 1488 2380 1590; x_wconf 87' lang='lat' dir='ltr'>voluerint,</span> <span class='ocrx_word' id='word_1_36' title='bbox 2450 1517 2547 1573; x_wconf 83' lang='lat' dir='ltr'>ex</span> <span class='ocrx_word' id='word_1_37' title='bbox 2611 1487 2945 1572; x_wconf 78' lang='lat' dir='ltr'>turbidis</span> <span class='ocrx_word' id='word_1_38' title='bbox 3011 1486 3383 1588; x_wconf 87' lang='lat' dir='ltr'>fontibus,</span> 
     </span>
     <span class='ocr_line' id='line_1_6' title="bbox 729 1647 3386 1759; baseline -0 -29"><span class='ocrx_word' id='word_1_39' title='bbox 729 1675 930 1755; x_wconf 85' lang='lat' dir='ltr'>quae</span> <span class='ocrx_word' id='word_1_40' title='bbox 996 1647 1508 1750; x_wconf 88' lang='lat' dir='ltr'>tradiderunt,</span> <span class='ocrx_word' id='word_1_41' title='bbox 1575 1647 1939 1747; x_wconf 81' lang='lat' dir='ltr'>hausisse</span> <span class='ocrx_word' id='word_1_42' title='bbox 2006 1648 2393 1751; x_wconf 81' lang='lat' dir='ltr'>videntur,</span> <span class='ocrx_word' id='word_1_43' title='bbox 2462 1656 2654 1759; x_wconf 90' lang='lat' dir='ltr'>puta</span> <span class='ocrx_word' id='word_1_44' title='bbox 2699 1677 2795 1733; x_wconf 82' lang='lat' dir='ltr'>ex</span> <span class='ocrx_word' id='word_1_45' title='bbox 2839 1648 3386 1732; x_wconf 83' lang='lat' dir='ltr'>Proto-Evan-</span> 
     </span>
     <span class='ocr_line' id='line_1_7' title="bbox 732 1806 3389 1917; baseline 0 -26"><span class='ocrx_word' id='word_1_46' title='bbox 732 1806 967 1917; x_wconf 79' lang='lat' dir='ltr'>gelio.</span> <span class='ocrx_word' id='word_1_47' title='bbox 1037 1811 1247 1916; x_wconf 89' lang='lat' dir='ltr'>quod</span> <span class='ocrx_word' id='word_1_48' title='bbox 1292 1808 1577 1894; x_wconf 85' lang='lat' dir='ltr'>Sancto</span> <span class='ocrx_word' id='word_1_49' title='bbox 1623 1811 1910 1894; x_wconf 90' lang='lat' dir='ltr'>Iacobo</span> <span class='ocrx_word' id='word_1_50' title='bbox 1957 1809 2152 1894; x_wconf 86' lang='lat' dir='ltr'>falso</span> <span class='ocrx_word' id='word_1_51' title='bbox 2189 1809 2586 1910; x_wconf 76' lang='lat' dir='ltr'>tribuitur,</span> <span class='ocrx_word' id='word_1_52' title='bbox 2655 1837 2750 1894; x_wconf 83' lang='lat' dir='ltr'>cx</span> <span class='ocrx_word' id='word_1_53' title='bbox 2816 1808 3014 1893; x_wconf 90' lang='lat' dir='ltr'>libro</span> <span class='ocrx_word' id='word_1_54' title='bbox 3048 1809 3145 1892; x_wconf 93' lang='lat' dir='ltr'>de</span> <span class='ocrx_word' id='word_1_55' title='bbox 3193 1807 3389 1892; x_wconf 90' lang='lat' dir='ltr'>Ortu</span> 
     </span>
     <span class='ocr_line' id='line_1_8' title="bbox 735 1962 3390 2081; baseline -0.001 -27"><span class='ocrx_word' id='word_1_56' title='bbox 735 1968 1081 2080; x_wconf 83' lang='lat' dir='ltr'>Virginis</span> <span class='ocrx_word' id='word_1_57' title='bbox 1147 1970 1280 2079; x_wconf 86' lang='lat' dir='ltr'>qui</span> <span class='ocrx_word' id='word_1_58' title='bbox 1345 1998 1755 2081; x_wconf 82' lang='lat' dir='ltr'>perperam</span> <span class='ocrx_word' id='word_1_59' title='bbox 1790 1970 2073 2055; x_wconf 85' lang='lat' dir='ltr'>Sancto</span> <span class='ocrx_word' id='word_1_60' title='bbox 2108 1971 2394 2054; x_wconf 91' lang='lat' dir='ltr'>Iacobo</span> <span class='ocrx_word' id='word_1_61' title='bbox 2461 1969 2680 2054; x_wconf 88' lang='lat' dir='ltr'>fratri</span> <span class='ocrx_word' id='word_1_62' title='bbox 2747 1967 3066 2055; x_wconf 85' lang='lat' dir='ltr'>Domini</span> <span class='ocrx_word' id='word_1_63' title='bbox 3122 1962 3390 2054; x_wconf 90' lang='lat' dir='ltr'>Nostri</span> 
     </span>
     <span class='ocr_line' id='line_1_9' title="bbox 737 2128 3390 2242; baseline 0 -29"><span class='ocrx_word' id='word_1_64' title='bbox 737 2130 921 2214; x_wconf 90' lang='lat' dir='ltr'>Iesu</span> <span class='ocrx_word' id='word_1_65' title='bbox 987 2128 1304 2232; x_wconf 78' lang='lat' dir='ltr'>Christi,</span> <span class='ocrx_word' id='word_1_66' title='bbox 1373 2139 1453 2217; x_wconf 91' lang='lat' dir='ltr'>et</span> <span class='ocrx_word' id='word_1_67' title='bbox 1517 2162 1563 2215; x_wconf 92' lang='lat' dir='ltr'>a</span> <span class='ocrx_word' id='word_1_68' title='bbox 1629 2131 2097 2242; x_wconf 91' lang='lat' dir='ltr'>quibusdam</span> <span class='ocrx_word' id='word_1_69' title='bbox 2165 2131 2453 2240; x_wconf 79' lang='lat' dir='ltr'>Cyrillo</span> <span class='ocrx_word' id='word_1_70' title='bbox 2507 2130 3037 2218; x_wconf 83' lang='lat' dir='ltr'>Alexandrino</span> <span class='ocrx_word' id='word_1_71' title='bbox 3095 2129 3390 2214; x_wconf 87' lang='lat' dir='ltr'>adscri-</span> 
     </span>
     <span class='ocr_line' id='line_1_10' title="bbox 736 2290 3395 2405; baseline 0.002 -30"><span class='ocrx_word' id='word_1_72' title='bbox 736 2293 973 2395; x_wconf 81' lang='lat' dir='ltr'>bitur,</span> <span class='ocrx_word' id='word_1_73' title='bbox 983 2358 1137 2380; x_wconf 92' lang='grc'><strong>......</strong></span> <span class='ocrx_word' id='word_1_74' title='bbox 1207 2324 1302 2380; x_wconf 83' lang='lat' dir='ltr'>ex</span> <span class='ocrx_word' id='word_1_75' title='bbox 1371 2294 1910 2381; x_wconf 89' lang='lat' dir='ltr'>commentitia</span> <span class='ocrx_word' id='word_1_76' title='bbox 1986 2295 2065 2381; x_wconf 78' lang='lat' dir='ltr'>S.</span> <span class='ocrx_word' id='word_1_77' title='bbox 2151 2294 2432 2380; x_wconf 84' lang='lat' dir='ltr'>Evodii</span> <span class='ocrx_word' id='word_1_78' title='bbox 2514 2293 2845 2405; x_wconf 89' lang='lat' dir='ltr'>epistola</span> <span class='ocrx_word' id='word_1_79' title='bbox 2912 2300 3063 2378; x_wconf 87' lang='lat' dir='ltr'>etc.</span> <span class='ocrx_word' id='word_1_80' title='bbox 3129 2328 3173 2369; x_wconf 94' lang='lat'>»</span> <span class='ocrx_word' id='word_1_81' title='bbox 3250 2290 3395 2403; x_wconf 78' lang='lat' dir='ltr'>(De</span> 
     </span>
     <span class='ocr_line' id='line_1_11' title="bbox 723 2457 2326 2572; baseline 0.002 -30"><span class='ocrx_word' id='word_1_82' title='bbox 723 2457 958 2569; x_wconf 54' lang='lat' dir='ltr'>festas·</span> <span class='ocrx_word' id='word_1_83' title='bbox 1020 2461 1115 2543; x_wconf 84' lang='lat' dir='ltr'>B.</span> <span class='ocrx_word' id='word_1_84' title='bbox 1182 2462 1295 2545; x_wconf 89' lang='lat' dir='ltr'>M.</span> <span class='ocrx_word' id='word_1_85' title='bbox 1383 2462 1462 2545; x_wconf 91' lang='lat' dir='ltr'>V.</span> <span class='ocrx_word' id='word_1_86' title='bbox 1532 2462 1653 2545; x_wconf 70' lang='lat' dir='ltr'>lib.</span> <span class='ocrx_word' id='word_1_87' title='bbox 1724 2461 1844 2545; x_wconf 90' lang='lat' dir='ltr'>II</span> <span class='ocrx_word' id='word_1_88' title='bbox 1890 2492 2051 2572; x_wconf 76' lang='lat' dir='ltr'>cap.</span> <span class='ocrx_word' id='word_1_89' title='bbox 2122 2457 2326 2569; x_wconf 88' lang='lat' dir='ltr'><em>IX).</em></span> 
     </span>
    </p>

    <p class='ocr_par' dir='ltr' id='par_1_3' title="bbox 747 2617 3397 2887">
     <span class='ocr_line' id='line_1_12' title="bbox 934 2617 3397 2728; baseline 0 -27"><span class='ocrx_word' id='word_1_90' title='bbox 934 2617 1599 2703; x_wconf 83' lang='lat' dir='ltr'>Consuetudinem</span> <span class='ocrx_word' id='word_1_91' title='bbox 1668 2626 1957 2720; x_wconf 90' lang='lat' dir='ltr'>autem,</span> <span class='ocrx_word' id='word_1_92' title='bbox 2027 2647 2227 2728; x_wconf 91' lang='lat' dir='ltr'>quae</span> <span class='ocrx_word' id='word_1_93' title='bbox 2294 2617 2669 2719; x_wconf 83' lang='lat' dir='ltr'>invaluit,</span> <span class='ocrx_word' id='word_1_94' title='bbox 2761 2617 3207 2703; x_wconf 89' lang='lat' dir='ltr'>celebrandi</span> <span class='ocrx_word' id='word_1_95' title='bbox 3273 2647 3397 2701; x_wconf 87' lang='lat' dir='ltr'>sa-</span> 
     </span>
     <span class='ocr_line' id='line_1_13' title="bbox 747 2774 3396 2887; baseline 0 -28"><span class='ocrx_word' id='word_1_96' title='bbox 747 2804 917 2859; x_wconf 89' lang='lat' dir='ltr'>cras</span> <span class='ocrx_word' id='word_1_97' title='bbox 984 2776 1470 2860; x_wconf 88' lang='lat' dir='ltr'>centenarias</span> <span class='ocrx_word' id='word_1_98' title='bbox 1545 2776 2368 2875; x_wconf 79' lang='lat' dir='ltr'>commemorationeS,</span> <span class='ocrx_word' id='word_1_99' title='bbox 2444 2777 2557 2863; x_wconf 91' lang='lat' dir='ltr'>rei</span> <span class='ocrx_word' id='word_1_100' title='bbox 2644 2774 3038 2887; x_wconf 89' lang='lat' dir='ltr'>praesenti</span> <span class='ocrx_word' id='word_1_101' title='bbox 3135 2775 3396 2860; x_wconf 89' lang='lat' dir='ltr'>minus</span> 
     </span>
    </p>
   </div>
   <div class='ocr_carea' id='block_1_3' title="bbox 749 2934 3532 5465">
    <p class='ocr_par' dir='ltr' id='par_1_4' title="bbox 749 2934 3532 5465">
     <span class='ocr_line' id='line_1_14' title="bbox 749 2934 3402 3047; baseline -0 -28"><span class='ocrx_word' id='word_1_102' title='bbox 749 2963 1184 3046; x_wconf 81' lang='lat' dir='ltr'>congruere</span> <span class='ocrx_word' id='word_1_103' title='bbox 1271 2934 1852 3047; x_wconf 89' lang='lat' dir='ltr'>deprehensum</span> <span class='ocrx_word' id='word_1_104' title='bbox 1942 2938 2115 3021; x_wconf 86' lang='lat' dir='ltr'>fuit.</span> <span class='ocrx_word' id='word_1_105' title='bbox 2205 2934 2904 3047; x_wconf 80' lang='lat' dir='ltr'>Quandoquidem,</span> <span class='ocrx_word' id='word_1_106' title='bbox 2982 2936 3098 3021; x_wconf 90' lang='lat' dir='ltr'>uti</span> <span class='ocrx_word' id='word_1_107' title='bbox 3163 2935 3402 3020; x_wconf 89' lang='lat' dir='ltr'>iidem</span> 
     </span>
     <span class='ocr_line' id='line_1_15' title="bbox 751 3096 3403 3208; baseline 0 -29"><span class='ocrx_word' id='word_1_108' title='bbox 751 3096 1178 3180; x_wconf 83' lang='lat' dir='ltr'>centenarii</span> <span class='ocrx_word' id='word_1_109' title='bbox 1243 3098 1587 3183; x_wconf 80' lang='lat' dir='ltr'>fautores</span> <span class='ocrx_word' id='word_1_110' title='bbox 1652 3105 2064 3199; x_wconf 83' lang='lat' dir='ltr'>testantur,</span> <span class='ocrx_word' id='word_1_111' title='bbox 2134 3098 2570 3208; x_wconf 83' lang='lat' dir='ltr'>expetitum</span> <span class='ocrx_word' id='word_1_112' title='bbox 2617 3098 2906 3181; x_wconf 87' lang='lat' dir='ltr'>festum</span> <span class='ocrx_word' id='word_1_113' title='bbox 2950 3096 3199 3207; x_wconf 89' lang='lat' dir='ltr'>prima</span> <span class='ocrx_word' id='word_1_114' title='bbox 3232 3096 3403 3181; x_wconf 90' lang='lat' dir='ltr'>vice</span> 
     </span>
     <span class='ocr_line' id='line_1_16' title="bbox 752 3255 3407 3368; baseline 0 -29"><span class='ocrx_word' id='word_1_115' title='bbox 752 3255 902 3342; x_wconf 90' lang='lat' dir='ltr'>hoc</span> <span class='ocrx_word' id='word_1_116' title='bbox 968 3257 1482 3344; x_wconf 87' lang='lat' dir='ltr'>decimonono</span> <span class='ocrx_word' id='word_1_117' title='bbox 1548 3259 1862 3344; x_wconf 89' lang='lat' dir='ltr'>saeculo</span> <span class='ocrx_word' id='word_1_118' title='bbox 1943 3260 2146 3343; x_wconf 86' lang='lat' dir='ltr'>foret</span> <span class='ocrx_word' id='word_1_119' title='bbox 2231 3257 2804 3361; x_wconf 88' lang='lat' dir='ltr'>inducendum,</span> <span class='ocrx_word' id='word_1_120' title='bbox 2883 3256 3129 3343; x_wconf 89' lang='lat' dir='ltr'>veluti</span> <span class='ocrx_word' id='word_1_121' title='bbox 3218 3256 3407 3368; x_wconf 91' lang='lat' dir='ltr'>quid</span> 
     </span>
     <span class='ocr_line' id='line_1_17' title="bbox 751 3421 3407 3523; baseline 0.001 -19"><span class='ocrx_word' id='word_1_122' title='bbox 751 3450 1040 3506; x_wconf 88' lang='lat' dir='ltr'>novum</span> <span class='ocrx_word' id='word_1_123' title='bbox 1104 3422 1184 3506; x_wconf 92' lang='lat' dir='ltr'>in</span> <span class='ocrx_word' id='word_1_124' title='bbox 1251 3423 1401 3508; x_wconf 90' lang='lat' dir='ltr'>Dei</span> <span class='ocrx_word' id='word_1_125' title='bbox 1466 3423 1845 3523; x_wconf 76' lang='lat' dir='ltr'>Ecclesia,</span> <span class='ocrx_word' id='word_1_126' title='bbox 1917 3431 1998 3509; x_wconf 92' lang='lat' dir='ltr'>et</span> <span class='ocrx_word' id='word_1_127' title='bbox 2063 3423 2369 3508; x_wconf 87' lang='lat' dir='ltr'>cunctis</span> <span class='ocrx_word' id='word_1_128' title='bbox 2432 3422 2843 3508; x_wconf 88' lang='lat' dir='ltr'>retroactis</span> <span class='ocrx_word' id='word_1_129' title='bbox 2910 3421 3244 3508; x_wconf 90' lang='lat' dir='ltr'>saeculis</span> <span class='ocrx_word' id='word_1_130' title='bbox 3307 3451 3407 3507; x_wconf 91' lang='lat' dir='ltr'>ne</span> 
     </span>
     <span class='ocr_line' id='line_1_18' title="bbox 757 3582 3411 3695; baseline 0 -28"><span class='ocrx_word' id='word_1_131' title='bbox 757 3583 1193 3693; x_wconf 88' lang='lat' dir='ltr'>cogitatum</span> <span class='ocrx_word' id='word_1_132' title='bbox 1259 3585 1575 3695; x_wconf 89' lang='lat' dir='ltr'>quidem</span> <span class='ocrx_word' id='word_1_133' title='bbox 1643 3588 1739 3670; x_wconf 91' lang='lat' dir='ltr'>ab</span> <span class='ocrx_word' id='word_1_134' title='bbox 1808 3585 2094 3672; x_wconf 85' lang='lat' dir='ltr'>eximia</span> <span class='ocrx_word' id='word_1_135' title='bbox 2161 3583 2545 3668; x_wconf 88' lang='lat' dir='ltr'>maiorum</span> <span class='ocrx_word' id='word_1_136' title='bbox 2611 3613 2804 3695; x_wconf 89' lang='lat' dir='ltr'>erga</span> <span class='ocrx_word' id='word_1_137' title='bbox 2848 3583 3214 3691; x_wconf 83' lang='lat' dir='ltr'>inclytam</span> <span class='ocrx_word' id='word_1_138' title='bbox 3258 3582 3411 3667; x_wconf 90' lang='lat' dir='ltr'>Dei</span> 
     </span>
     <span class='ocr_line' id='line_1_19' title="bbox 760 3743 3410 3856; baseline 0 -29"><span class='ocrx_word' id='word_1_139' title='bbox 760 3743 1245 3829; x_wconf 77' lang='lat' dir='ltr'>Genitricem</span> <span class='ocrx_word' id='word_1_140' title='bbox 1309 3745 1602 3856; x_wconf 89' lang='lat' dir='ltr'>pietate</span> <span class='ocrx_word' id='word_1_141' title='bbox 1670 3754 1750 3831; x_wconf 91' lang='lat' dir='ltr'>et</span> <span class='ocrx_word' id='word_1_142' title='bbox 1795 3746 2234 3846; x_wconf 81' lang='lat' dir='ltr'>devotione,</span> <span class='ocrx_word' id='word_1_143' title='bbox 2283 3752 2419 3829; x_wconf 91' lang='lat' dir='ltr'>aut</span> <span class='ocrx_word' id='word_1_144' title='bbox 2456 3751 2679 3829; x_wconf 75' lang='lat' dir='ltr'>‘certe</span> <span class='ocrx_word' id='word_1_145' title='bbox 2724 3743 2878 3828; x_wconf 91' lang='lat' dir='ltr'>illis</span> <span class='ocrx_word' id='word_1_146' title='bbox 2925 3744 3410 3828; x_wconf 89' lang='lat' dir='ltr'>inusitatum.</span> 
     </span>
     <span class='ocr_line' id='line_1_20' title="bbox 758 3903 3415 4017; baseline 0.002 -32"><span class='ocrx_word' id='word_1_147' title='bbox 758 3904 1123 3989; x_wconf 84' lang='lat' dir='ltr'>Profecto</span> <span class='ocrx_word' id='word_1_148' title='bbox 1188 3906 1379 3990; x_wconf 90' lang='lat' dir='ltr'>satis</span> <span class='ocrx_word' id='word_1_149' title='bbox 1445 3935 1793 4017; x_wconf 87' lang='lat' dir='ltr'>congrua</span> <span class='ocrx_word' id='word_1_150' title='bbox 1855 3904 2308 4016; x_wconf 88' lang='lat' dir='ltr'>theologica</span> <span class='ocrx_word' id='word_1_151' title='bbox 2373 3912 2611 4014; x_wconf 88' lang='lat' dir='ltr'>atque</span> <span class='ocrx_word' id='word_1_152' title='bbox 2677 3903 3048 4014; x_wconf 87' lang='lat' dir='ltr'>liturgica</span> <span class='ocrx_word' id='word_1_153' title='bbox 3111 3905 3415 3990; x_wconf 85' lang='lat' dir='ltr'>ratione</span> 
     </span>
     <span class='ocr_line' id='line_1_21' title="bbox 760 4061 3414 4174; baseline 0.001 -30"><span class='ocrx_word' id='word_1_154' title='bbox 760 4061 1174 4150; x_wconf 87' lang='lat' dir='ltr'>inolevisse</span> <span class='ocrx_word' id='word_1_155' title='bbox 1223 4068 1702 4151; x_wconf 87' lang='lat' dir='ltr'>censendum</span> <span class='ocrx_word' id='word_1_156' title='bbox 1749 4071 1891 4168; x_wconf 90' lang='lat' dir='ltr'>est,</span> <span class='ocrx_word' id='word_1_157' title='bbox 1929 4070 2019 4148; x_wconf 89' lang='lat' dir='ltr'>ut</span> <span class='ocrx_word' id='word_1_158' title='bbox 2062 4064 2495 4149; x_wconf 85' lang='lat' dir='ltr'>saecularia</span> <span class='ocrx_word' id='word_1_159' title='bbox 2560 4063 2966 4165; x_wconf 88' lang='lat' dir='ltr'>solemnia,</span> <span class='ocrx_word' id='word_1_160' title='bbox 3003 4091 3205 4174; x_wconf 88' lang='lat' dir='ltr'>quae</span> <span class='ocrx_word' id='word_1_161' title='bbox 3241 4061 3414 4147; x_wconf 90' lang='lat' dir='ltr'>aliis</span> 
     </span>
     <span class='ocr_line' id='line_1_22' title="bbox 764 4224 3419 4336; baseline 0 -30"><span class='ocrx_word' id='word_1_162' title='bbox 764 4224 1053 4308; x_wconf 88' lang='lat' dir='ltr'>sanctis</span> <span class='ocrx_word' id='word_1_163' title='bbox 1119 4253 1300 4309; x_wconf 89' lang='lat' dir='ltr'>cum</span> <span class='ocrx_word' id='word_1_164' title='bbox 1367 4224 1681 4312; x_wconf 79' lang='lat' dir='ltr'>Christo</span> <span class='ocrx_word' id='word_1_165' title='bbox 1746 4225 2266 4336; x_wconf 88' lang='lat' dir='ltr'>regnantibus</span> <span class='ocrx_word' id='word_1_166' title='bbox 2332 4252 2488 4309; x_wconf 90' lang='lat' dir='ltr'>non</span> <span class='ocrx_word' id='word_1_167' title='bbox 2553 4227 3092 4334; x_wconf 84' lang='lat' dir='ltr'>denegantur,</span> <span class='ocrx_word' id='word_1_168' title='bbox 3164 4250 3257 4307; x_wconf 92' lang='lat' dir='ltr'>ea</span> <span class='ocrx_word' id='word_1_169' title='bbox 3322 4224 3419 4307; x_wconf 91' lang='lat' dir='ltr'>de</span> 
     </span>
     <span class='ocr_line' id='line_1_23' title="bbox 763 4384 3422 4497; baseline 0 -30"><span class='ocrx_word' id='word_1_170' title='bbox 763 4384 1203 4496; x_wconf 88' lang='lat' dir='ltr'>praecipuis</span> <span class='ocrx_word' id='word_1_171' title='bbox 1267 4387 1810 4472; x_wconf 83' lang='lat' dir='ltr'>sacratissimis</span> <span class='ocrx_word' id='word_1_172' title='bbox 1878 4389 2173 4472; x_wconf 89' lang='lat' dir='ltr'>Beatae</span> <span class='ocrx_word' id='word_1_173' title='bbox 2218 4386 2568 4497; x_wconf 88' lang='lat' dir='ltr'>Virginis</span> <span class='ocrx_word' id='word_1_174' title='bbox 2633 4386 2838 4471; x_wconf 89' lang='lat' dir='ltr'>vitae</span> <span class='ocrx_word' id='word_1_175' title='bbox 2906 4384 3101 4470; x_wconf 88' lang='lat' dir='ltr'>actis</span> <span class='ocrx_word' id='word_1_176' title='bbox 3139 4392 3219 4470; x_wconf 88' lang='lat' dir='ltr'>et</span> <span class='ocrx_word' id='word_1_177' title='bbox 3265 4413 3422 4492; x_wconf 86' lang='lat' dir='ltr'>my·</span> 
     </span>
     <span class='ocr_line' id='line_1_24' title="bbox 766 4545 3416 4652; baseline 0.001 -24"><span class='ocrx_word' id='word_1_178' title='bbox 766 4545 1048 4649; x_wconf 87' lang='grc'><strong>3101113,</strong></span> <span class='ocrx_word' id='word_1_179' title='bbox 1117 4548 1418 4635; x_wconf 89' lang='grc'><strong>30111001</strong></span> <span class='ocrx_word' id='word_1_180' title='bbox 1482 4551 1578 4634; x_wconf 90' lang='grc'>(10</span> <span class='ocrx_word' id='word_1_181' title='bbox 1644 4549 2113 4652; x_wconf 88' lang='lat' dir='ltr'>Nativitate,</span> <span class='ocrx_word' id='word_1_182' title='bbox 2200 4550 2299 4634; x_wconf 92' lang='lat' dir='ltr'>de</span> <span class='ocrx_word' id='word_1_183' title='bbox 2365 4547 3033 4650; x_wconf 86' lang='lat' dir='ltr'>Annuntiatione,</span> <span class='ocrx_word' id='word_1_184' title='bbox 3102 4547 3199 4632; x_wconf 93' lang='lat' dir='ltr'>de</span> <span class='ocrx_word' id='word_1_185' title='bbox 3267 4545 3416 4631; x_wconf 86' lang='lat' dir='ltr'>As-</span> 
     </span>
     <span class='ocr_line' id='line_1_25' title="bbox 770 4707 3426 4821; baseline -0.002 -27"><span class='ocrx_word' id='word_1_186' title='bbox 770 4709 1214 4820; x_wconf 88' lang='lat' dir='ltr'>sumptionc</span> <span class='ocrx_word' id='word_1_187' title='bbox 1253 4774 1271 4811; x_wconf 92' lang='lat'>,</span> <span class='ocrx_word' id='word_1_188' title='bbox 1351 4739 1442 4794; x_wconf 92' lang='lat' dir='ltr'>ac</span> <span class='ocrx_word' id='word_1_189' title='bbox 1531 4738 1761 4821; x_wconf 90' lang='lat' dir='ltr'>porro</span> <span class='ocrx_word' id='word_1_190' title='bbox 1827 4711 1924 4794; x_wconf 94' lang='lat' dir='ltr'>de</span> <span class='ocrx_word' id='word_1_191' title='bbox 2009 4708 2293 4794; x_wconf 90' lang='lat' dir='ltr'>ceteris</span> <span class='ocrx_word' id='word_1_192' title='bbox 2393 4738 2549 4795; x_wconf 91' lang='lat' dir='ltr'>non</span> <span class='ocrx_word' id='word_1_193' title='bbox 2617 4707 3138 4794; x_wconf 90' lang='lat' dir='ltr'>celebrentur.</span> <span class='ocrx_word' id='word_1_194' title='bbox 3223 4707 3426 4791; x_wconf 85' lang='lat' dir='ltr'>Nam</span> 
     </span>
     <span class='ocr_line' id='line_1_26' title="bbox 771 4865 3532 4979; baseline -0.001 -26"><span class='ocrx_word' id='word_1_195' title='bbox 771 4867 1285 4954; x_wconf 78' lang='lat' dir='ltr'>eminentiori.</span> <span class='ocrx_word' id='word_1_196' title='bbox 1311 4868 1814 4964; x_wconf 88' lang='lat' dir='ltr'>veneratione</span> <span class='ocrx_word' id='word_1_197' title='bbox 1851 4898 2086 4979; x_wconf 90' lang='lat' dir='ltr'>supra</span> <span class='ocrx_word' id='word_1_198' title='bbox 2121 4875 2426 4954; x_wconf 89' lang='lat' dir='ltr'>ceteros</span> <span class='ocrx_word' id='word_1_199' title='bbox 2491 4868 2817 4955; x_wconf 83' lang='lat' dir='ltr'>Sanctos</span> <span class='ocrx_word' id='word_1_200' title='bbox 2853 4867 3041 4953; x_wconf 85' lang='lat' dir='ltr'>colit</span> <span class='ocrx_word' id='word_1_201' title='bbox 3073 4865 3431 4952; x_wconf 83' lang='lat' dir='ltr'>Ecclesia</span> <span class='ocrx_word' id='word_1_202' title='bbox 3521 4883 3532 4894; x_wconf 83' lang='grc'><em>·</em></span> 
     </span>
     <span class='ocr_line' id='line_1_27' title="bbox 770 5027 3428 5142; baseline 0 -29"><span class='ocrx_word' id='word_1_203' title='bbox 770 5028 986 5115; x_wconf 82' lang='lat' dir='ltr'>Caeli</span> <span class='ocrx_word' id='word_1_204' title='bbox 1050 5029 1444 5140; x_wconf 87' lang='lat' dir='ltr'>Reginam</span> <span class='ocrx_word' id='word_1_205' title='bbox 1511 5037 1591 5116; x_wconf 88' lang='lat' dir='ltr'>et</span> <span class='ocrx_word' id='word_1_206' title='bbox 1655 5029 2075 5114; x_wconf 87' lang='lat' dir='ltr'>Dominam</span> <span class='ocrx_word' id='word_1_207' title='bbox 2142 5028 2656 5140; x_wconf 85' lang='lat' dir='ltr'>Angelorum,</span> <span class='ocrx_word' id='word_1_208' title='bbox 2725 5027 2876 5130; x_wconf 91' lang='lat' dir='ltr'>cui,</span> <span class='ocrx_word' id='word_1_209' title='bbox 2942 5037 3022 5116; x_wconf 71' lang='lat' dir='ltr'>in</span> <span class='ocrx_word' id='word_1_210' title='bbox 3067 5034 3428 5142; x_wconf 71' lang='lat' dir='ltr'>quantum</span> 
     </span>
     <span class='ocr_line' id='line_1_28' title="bbox 771 5193 3425 5304; baseline -0.001 -27"><span class='ocrx_word' id='word_1_211' title='bbox 771 5196 938 5304; x_wconf 73' lang='lat' dir='ltr'>ipsa</span> <span class='ocrx_word' id='word_1_212' title='bbox 1002 5196 1112 5278; x_wconf 72' lang='lat' dir='ltr'>est</span> <span class='ocrx_word' id='word_1_213' title='bbox 1169 5197 1406 5278; x_wconf 75' lang='lat' dir='ltr'>mater</span> <span class='ocrx_word' id='word_1_214' title='bbox 1470 5195 1619 5278; x_wconf 57' lang='lat' dir='ltr'>Dee·</span> <span class='ocrx_word' id='word_1_215' title='bbox 1615 5254 1774 5278; x_wconf 93' lang='grc'><strong>......</strong></span> <span class='ocrx_word' id='word_1_216' title='bbox 1842 5193 2140 5277; x_wconf 65' lang='lat' dir='ltr'>debetur</span> <span class='ocrx_word' id='word_1_217' title='bbox 2144 5253 2306 5276; x_wconf 93' lang='grc'><strong>......</strong></span> <span class='ocrx_word' id='word_1_218' title='bbox 2374 5220 2520 5277; x_wconf 80' lang='lat' dir='ltr'>mm</span> <span class='ocrx_word' id='word_1_219' title='bbox 2584 5194 3131 5303; x_wconf 69' lang='lat' dir='ltr'>qualiscumque</span> <span class='ocrx_word' id='word_1_220' title='bbox 3179 5193 3425 5292; x_wconf 75' lang='lat' dir='ltr'>dulia,</span> 
     </span>
     <span class='ocr_line' id='line_1_29' title="bbox 777 5349 3429 5465; baseline -0.002 -29"><span class='ocrx_word' id='word_1_221' title='bbox 777 5356 910 5437; x_wconf 78' lang='lat' dir='ltr'>scd</span> <span class='ocrx_word' id='word_1_222' title='bbox 968 5357 1411 5465; x_wconf 72' lang='lat' dir='ltr'>hypcrdule&#39;a</span> <span class='ocrx_word' id='word_1_223' title='bbox 1479 5351 1586 5463; x_wconf 83' lang='lat' dir='ltr'>(S.</span> <span class='ocrx_word' id='word_1_224' title='bbox 1668 5355 1917 5438; x_wconf 71' lang='lat' dir='ltr'>Thone.</span> <span class='ocrx_word' id='word_1_225' title='bbox 1968 5353 2025 5435; x_wconf 78' lang='lat'><strong><em>3</em></strong></span> <span class='ocrx_word' id='word_1_226' title='bbox 2055 5356 2269 5462; x_wconf 66' lang='lat' dir='ltr'>pcc-rt.</span> <span class='ocrx_word' id='word_1_227' title='bbox 2330 5354 2610 5461; x_wconf 69' lang='lat' dir='ltr'>quaesi.</span> <span class='ocrx_word' id='word_1_228' title='bbox 2645 5350 2793 5450; x_wconf 74' lang='lat'>25,</span> <span class='ocrx_word' id='word_1_229' title='bbox 2832 5355 2980 5435; x_wconf 67' lang='lat' dir='ltr'>arf.</span> <span class='ocrx_word' id='word_1_230' title='bbox 3051 5349 3163 5460; x_wconf 62' lang='grc' dir='ltr'>ὅ).</span> <span class='ocrx_word' id='word_1_231' title='bbox 3198 5349 3429 5433; x_wconf 90' lang='lat' dir='ltr'>Ideo-</span> 
     </span>
    </p>
   </div>
  </div>
 </body>
</html>
