4497 6714
1290 740 1391 819 96

1615 1092 2294 1224 LITTERAE
2381 1094 3320 1225 APOSTOLIOAE

1825 1485 2103 1551 QUIBUS
2168 1486 2613 1543 PLENARIUM
2679 1485 3096 1543 CONCILIUM

1454 1638 1549 1693 AB
1617 1641 2015 1698 UNIVERSIS
2080 1644 2550 1701 AUSTRALIAE
2618 1645 2711 1699 ET
2778 1645 3031 1702 NOVAE
3097 1646 3494 1701 ZELANDAE

1989 1804 2394 1861 SACRORUM
2459 1806 2977 1863 ANTISTITIBUS

1349 1957 1774 2017 HABENDUM
1836 1964 2259 2040 INDICITUR,
2327 1966 2724 2033 EIDEMQUE
2790 1967 3302 2022 PRAESIDENDI
3355 1968 3618 2024 MUNUS

1082 2121 1495 2179 FRANCISCO
1533 2124 1880 2182 PATRITIO
1924 2127 2187 2183 MORAN
2232 2128 2824 2186 ARCHIEPISCOPO
2872 2129 3341 2185 SYDNEYENSI
3375 2129 3855 2187 DELEGATUR.

2032 2595 2292 2692 LEO
2366 2599 2560 2692 PP.
2635 2597 2912 2691 XIII.

2020 2974 2524 3029 VENERABILIS
2588 2974 2884 3029 FRATER

1564 3133 1910 3191 SALUTEM
1974 3135 2068 3189 ET
2133 3133 2651 3190 APOSTOLICAM
2715 3133 3364 3191 BENEDICTIONEM.

1148 3445 1719 3601 Ecclesiarum
1784 3518 2133 3602 omnium
2199 3519 2667 3622 sollicitudo,
2735 3547 2892 3628 qua
2957 3549 3054 3604 ex
3120 3518 3386 3602 debito
3465 3515 3800 3628 Aposto-

1144 3676 1341 3761 licae
1407 3677 1806 3762 servitutis
1870 3708 2274 3791 urgemur,
2341 3679 2550 3783 facit,
2597 3687 2686 3764 ut
2739 3679 2951 3764 omni
3017 3678 3282 3764 studio
3349 3677 3800 3790 diligentia-

1148 3867 1303 3948 que
1370 3839 1538 3924 dies
1616 3847 2046 3952 noctesque
2134 3841 2484 3925 animum
2549 3840 2643 3925 iis
2712 3840 3192 3942 adiiciamus,
3261 3868 3463 3949 quae
3528 3840 3607 3923 in
3675 3869 3804 3924 ca-

1147 4000 1489 4086 tholicae
1543 4002 1949 4113 religionis
2014 4002 2684 4114 propagationem,
2744 4001 2826 4085 in
2885 4002 3344 4086 earumdem
3410 3999 3804 4085 Ecclesia-

1146 4193 1323 4247 rum
1388 4163 1835 4267 utilitatem,
1882 4171 2119 4275 atque
2184 4165 2266 4248 in
2330 4163 2698 4250 dominici
2743 4162 3014 4275 gregis
3085 4165 3381 4248 bonum
3461 4191 3806 4247 commo-

1149 4324 1635 4435 ditatemque
1700 4328 2107 4436 profutura
2171 4327 2642 4411 noverimus.
2715 4326 2891 4409 Hac
2932 4331 3221 4417 vmente
3291 4323 3804 4427 decrevimUS,

1150 4492 1262 4588 ut,
1308 4483 1514 4569 intra
1576 4484 1762 4570 hinc
1826 4486 2266 4597 proximum
2331 4486 2784 4590 biennium,
2863 4489 2960 4571 ab
3026 4485 3411 4570 universis
3476 4484 3804 4570 Austra-

1151 4647 1303 4732 liae
1384 4654 1464 4730 et
1539 4647 1807 4731 Novae
1874 4646 2266 4732 Zelandae
2332 4647 2749 4734 Sacrorum
2793 4644 3303 4730 Antistitibus
3369 4644 3811 4756 plenarium

1153 4807 1539 4894 habeatur
1605 4807 2086 4912 Concilium,
2155 4837 2310 4918 quo
2379 4806 2767 4892 catholica
2848 4836 2976 4892 res
3043 4806 3138 4891 iis
3204 4807 3285 4891 in
3349 4806 3811 4917 regionibus

1155 4966 1409 5078 magis
1456 4967 1868 5079 magisque
1920 4975 2496 5078 promoveatur.
2545 4967 2657 5052 Ut
2704 4972 2971 5050 autem
3017 4965 3304 5050 Nostra
3368 4964 3566 5049 haec
3630 4970 3813 5050 vota

1159 5128 1555 5213 cumulate
1622 5127 2106 5237 expleantur,
2146 5134 2227 5211 et
2293 5124 2732 5211 Concilium
2797 5124 2946 5209 rite
3018 5130 3394 5234 recteque
3461 5124 3810 5210 celebre-

1157 5296 1321 5389 tur,
1390 5287 1953 5395 uberioresque
2020 5314 2110 5369 ac
2178 5284 2592 5369 diuturnos
2656 5283 2934 5368 afferat
2998 5286 3325 5387 fructUS,
3395 5284 3591 5386 Tibi,
3658 5284 3810 5370 Ve-
