4497 6714
3132 809 3281 886 143

1776 1158 2442 1299 EPISTOLA

1705 1510 2171 1566 VENERABILI
2235 1508 2511 1564 FRATRI

1331 1671 1652 1729 IOSEPHO
1732 1670 2325 1729 ARCHIEPISCOPO
2391 1668 2899 1726 BITURICENSI.

2579 1828 2978 1888 BITURICAS

1666 2319 1928 2415 LEO
1995 2321 2193 2415 PP.
2265 2319 2547 2415 XIII.

1679 2715 2184 2771 VENERABILIS
2248 2714 2545 2770 FRATER

1209 2874 1561 2932 SALUTEM
1624 2875 1721 2930 ET
1785 2875 2303 2933 APOSTOLICAM
2367 2873 3019 2968 BENEDIUCTIONEM.

780 3187 1370 3341 Gratissimum
1412 3256 1562 3342 fuit
1625 3257 1870 3343 Nobis
1935 3286 2033 3344 ex
2073 3258 2232 3342 tuis
2296 3256 2582 3343 litteris
2624 3256 2751 3343 die
2798 3259 2855 3341 4
2910 3253 3150 3339 huius
3213 3279 3436 3337 men-

777 3417 885 3504 sis
948 3419 1151 3504 datis
1194 3419 1805 3507 sollicitudinem
1869 3421 2286 3531 zelumque
2331 3419 2799 3531 perspicere,
2847 3445 3002 3529 quo
3048 3416 3128 3500 in
3173 3421 3439 3528 pasto-

778 3579 962 3663 ralis
1026 3579 1141 3664 tui
1187 3581 1534 3665 muneris
1598 3579 2271 3666 administratione
2315 3580 2672 3681 versaris,
2739 3599 2887 3664 nec
2930 3606 3085 3664 non
3154 3604 3437 3687 coope-

779 3748 1128 3827 ratorum
1192 3749 1509 3828 tuorum
1573 3744 2061 3853 aliorumque
2104 3743 2457 3829 fidelium
2524 3742 2938 3854 egregiam
3026 3770 3216 3851 erga
3290 3742 3443 3824 Ec-

762 3899 1101 4011 clesiam
1145 3903 1655 4004 voluntatem,
1723 3903 1857 4014 qui
1912 3933 2056 3987 sua
2120 3909 2386 3988 tecum
2436 3901 2697 3988 studia
2762 3905 2861 3986 ad
2905 3903 3439 4012 quaerendum

776 4089 1116 4171 regnum
1149 4061 1299 4147 Dei
1335 4068 1415 4148 et
1478 4061 1859 4148 iustitiam
1902 4064 2095 4148 Eius
2140 4092 2296 4173 quo
2362 4064 2764 4149 acerbiora
2807 4070 2992 4148 sunt
3056 4069 3436 4172 tempora,

779 4249 873 4307 eo
938 4223 1230 4309 maiore
1295 4222 1536 4307 animi
1610 4224 2015 4310 alacritate
2081 4225 2598 4335 coniungunt.
2681 4223 2897 4327 Quae
2962 4252 3100 4308 res¹
3153 4221 3273 4306 uti
3338 4249 3436 4306 ex

777 4380 948 4465 aliis
1013 4382 1502 4492 argumentis
1558 4363 1759 4494 quae
1824 4389 2005 4469 tuae
2073 4384 2386 4470 litterae
2453 4383 2853 4485 exhibent,
2898 4389 3071 4467 tum
3133 4380 3435 4494 praeci-

777 4573 932 4656 pue
997 4542 1241 4627 Nobis
1308 4552 1707 4656 comperta
1773 4553 1914 4648 est,
1982 4545 2472 4632 Venerabilis
2538 4548 2841 4636 Frater,
2910 4573 3007 4631 ex
3072 4544 3166 4629 iis
3232 4571 3433 4654 quae

780 4708 879 4791 ad
942 4706 1104 4790 Nos
1168 4705 1508 4791 retulisti
1551 4710 1649 4793 de
1713 4707 2086 4818 gravibus
2139 4707 2456 4794 maioris
2521 4706 2933 4794 Seminarii
2998 4705 3116 4790 tui
3159 4733 3432 4791 neces-

779 4866 1164 4972 sitatibuS,
1234 4868 1520 4978 quibus
1583 4870 2085 4955 sublevandis
2129 4877 2267 4955 tua
2332 4870 2657 4957 consilia
2722 4876 2802 4957 et
2867 4899 3093 4955 curas
3158 4868 3431 4957 sedulo

782 5029 1346 5113 convertendas
1452 5028 1849 5114 censuisti.
1939 5030 2232 5140 Magna
2329 5030 2539 5116 enim
2627 5059 2806 5115 cum
2903 5029 3435 5116 consolatione

780 5187 1270 5300 agnovimuS,
1338 5188 1849 5275 necessitates
1913 5189 2110 5290 illas,
2178 5197 2257 5275 te
2325 5218 2644 5301 operam
2689 5196 3048 5295 navante,
3115 5196 3436 5276 tuorum

782 5351 1277 5435 sacerdotum
1341 5348 1949 5436 sollicitudinem
2014 5351 2343 5453 acuisse,
2392 5352 2529 5460 qui
2592 5351 2722 5462 pia
2784 5351 2990 5437 inter
3046 5382 3129 5438 se
3193 5352 3442 5437 socie-
