4497 6714
1245 766 1402 843 520&

1253 944 1419 1010 lieae
1466 947 1620 1010 fidei
1666 962 2023 1032 praecepta
2070 950 2136 1013 in
2184 949 2641 1014 constituenda
2687 950 3256 1037 gubernandaque
3303 961 3445 1015 tum
3493 951 3597 1015 do-

1252 1073 1526 1136 mestica
1573 1081 1710 1138 tum
1759 1073 1932 1138 civili
1982 1077 2296 1139 societate
2344 1085 2662 1140 recenset.
2728 1115 2808 1124 —
2858 1076 3047 1141 Bona
3094 1085 3594 1158 commemorat,

1256 1220 1427 1284 quae
1477 1222 1561 1264 ex
1609 1198 1876 1283 publica
1923 1199 2263 1284 dignitate,
2312 1203 2579 1266 ineunte
2623 1202 2744 1266 hoc
2778 1202 3061 1284 saecule,
3112 1201 3406 1286 religion'
3459 1202 3599 1266 red·

1253 1322 1389 1385 dita
1451 1323 1516 1387 in
1579 1322 1846 1388 civilem
1903 1323 2158 1389 Galliae
2216 1328 2726 1411 prosperitatem
2789 1327 3148 1392 redierunt.
3203 1365 3283 1375 -—
3334 1326 3600 1411 Magno-

1254 1469 1409 1533 pere
1451 1450 1776 1513 interesse
1826 1460 2064 1532 monet,
2114 1461 2188 1515 ut
2232 1452 2420 1516 irrita
2467 1452 2828 1518 reddantur
2862 1474 3093 1517 eorum
3141 1451 3436 1536 consilia,
3487 1453 3599 1539 qui

1254 1574 1379 1638 rite
1428 1575 1657 1639 initam
1704 1597 1857 1639 cum
1904 1575 2287 1661 Apostolica
2335 1577 2506 1642 Sede
2556 1579 2974 1643 concordiam
3025 1581 3236 1643 serius
3271 1578 3454 1643 ocius
3503 1578 3597 1642 di·

1252 1710 1577 1784 remptam
1624 1700 1888 1766 vellent.
1943 1741 2023 1749 —-
2075 1702 2250 1768 Nihil
2299 1703 2476 1789 quod
2524 1714 2841 1790 tempora,
2868 1707 2935 1769 in
2969 1704 3092 1768 hoc
3125 1727 3349 1769 rerum
3397 1713 3596 1788 statu,

1254 1826 1589 1911 postulare
1636 1826 2144 1912 viderentur,Se
2177 1829 2699 1914 praetermisisse
2747 1829 3090 1914 significat.
3128 1868 3208 1877 —
3242 1828 3598 1912 Pei-magni

1254 1946 1497 2020 referre
1545 1955 1857 2040 declarat,
1908 1957 2165 2023 scholas
2198 1980 2329 2023 non
2361 1958 2591 2025 deesse
2626 1961 2690 2024 in
2727 1959 2976 2046 quibus
3018 1959 3246 2022 notitia
3280 1956 3596 2021 bonorum

1252 2082 1634 2147 caelestium
1704 2083 2199 2171 officiorumque
2263 2107 2423 2170 erga
2492 2086 2710 2149 Deum
2781 2085 3279 2169 diligentissime
3349 2080 3594 2146 alumni

1251 2206 1659 2291 imbuantur3
1708 2210 1958 2274 elerum
2006 2210 2394 2276 idoneorum
2440 2213 2732 2275 virorum
2781 2211 2970 2295 copia
3015 2209 3226 2292 magis
3260 2230 3337 2271 ac
3387 2207 3595 2290 magis

1251 2334 1682 2420 locupletari,·
1727 2335 1933 2402 lectos
1981 2337 2157 2402 viros
2191 2337 2390 2403 laicos
2423 2341 2492 2404 in
2527 2339 2892 2423 patrocinio
2925 2336 3280 2419 religioniS,
3331 2343 3598 2399 servata

1250 2462 1617 2527 animorum
1663 2463 2032 2546 concordia,
2083 2464 2469 2546 elaborare3
2518 2485 2741 2528 omnes
2802 2461 3189 2546 disciplinae
3237 2459 3593 2544 Episcopo-

1249 2607 1395 2649 rum
1458 2607 1723 2670 parere,
1788 2596 2299 2674 opportunaque
2364 2587 2489 2653 sub
2553 2609 2779 2652 eorum
2840 2586 3216 2671 magisterio
3280 2583 3595 2649 adhibere

1250 2711 1468 2776 media
1515 2734 1685 2798 quae
1733 2713 2001 2779 tuendis
2050 2713 2356 2778 catholici
2402 2715 2683 2779 nominis
2731 2712 2983 2777 iuribus
3051 2712 3200 2775 usui
3259 2733 3403 2776 esse
3452 2731 3600 2794 pos-

1250 2846 1425 2902 sunt.
1533 2888 3345 2906 .................
3435 2836 3599 2902 PAG.
3696 2834 3780 2897 10

1072 3146 1372 3231 Epistola
1424 3176 1454 3207 «ι
1496 3148 1779 3212 Reddita
1827 3148 2031 3213 Nobis
2070 3174 2100 3207 »
2154 3147 2261 3212 die
2316 3149 2397 3212 10
2443 3148 2793 3213 Februarii
2848 3149 2934 3214 ad
2982 3138 3307 3214 Doctores
3358 3145 3596 3210 Facul-

1243 3277 1398 3340 tatis
1447 3274 1889 3359 Theologieae
1940 3297 1975 3338 e
2025 3275 2170 3341 Soc.
2206 3275 2365 3339 Iesu
2413 3275 2479 3339 in
2528 3273 2603 3340 O.
2642 3276 2718 3341 R.
2756 3276 3207 3342 Universitate
3264 3275 3592 3362 Oenipon·

1245 3413 1419 3485 tana,
1470 3412 1538 3467 et
1581 3401 1827 3467 Iulium
1862 3399 2066 3466 Costa
2098 3401 2387 3466 Rossetti
2423 3424 2508 3466 ex
2543 3402 2687 3468 ead.
2726 3403 2872 3468 Soc.
2907 3403 3267 3468 Doctorem
3314 3403 3594 3469 Ethieae

1245 3538 1312 3594 et
1356 3530 1528 3593 Iuris
1563 3528 1881 3592 Naturae.
1941 3566 2019 3575 —
2072 3526 2337 3591 Libenti
2371 3529 2587 3593 animo
2624 3527 2709 3593 Se
2744 3530 3079 3613 accepisse
3128 3528 3434 3594 rescribit
3480 3545 3589 3591 vo-

1243 3654 1493 3719 lumina
1538 3653 1623 3718 ab
1671 3656 1783 3736 eis,
1836 3653 2038 3717 variis
2088 3652 2518 3737 temporibus,
2571 3653 2748 3718 edita
2792 3655 2859 3717 in
2908 3654 3257 3718 utilitatem
3305 3653 3585 3719 alumno·

1245 3802 1391 3844 rum
1440 3781 1552 3866 qui
1598 3779 2083 3866 philosophicas
2117 3787 2182 3844 et
2214 3778 2619 3863 theologicas
2670 3781 2978 3845 scientias
3027 3778 3251 3845 colunt
3307 3819 3386 3829 —
3425 3777 3593 3844 Gra-

1248 3905 1498 3970 tulatur
1544 3906 1719 3991 quod
1769 3906 2179 3972 documentis
2227 3907 2636 3990 inhaereant,
2698 3930 2867 3993 quae
2929 3909 3086 3993 Ipse
3149 3907 3232 3973 ad
3282 3909 3590 3992 optimam

1249 4034 1616 4099 studiorum
1654 4034 1974 4099 rationem
2007 4034 2524 4118 promovendam
2575 4033 2863 4098 tradidit.
2902 4072 2980 4080 —
3016 4032 3318 4097 Laudem
3356 4032 3592 4097 tribuit

1249 4160 1407 4234 ze10‚
1460 4182 1587 4246 quo
1636 4160 1720 4224 ad
1770 4182 1997 4225 sanam
2045 4159 2412 4224 doctrinam
2460 4160 2773 4225 tuendam
2811 4161 2878 4223 in
2911 4161 3453 4243 gravissimarum
3499 4157 3589 4221 di-

1247 4287 1673 4372 sciplinarum
1721 4311 1951 4376 campo
1999 4289 2393 4355 adlaborant
2426 4338 3449 4355 ..........
3550 4312 3580 4344 »
3680 4286 3766 4350 23

1070 4573 1363 4639 Litterae
1408 4574 1829 4660 Apostolieae
1887 4575 2011 4640 sub
2070 4576 2267 4640 anulo
2333 4574 2688 4640 Piscatoris
2759 4606 2788 4637 «
2828 4574 3118 4662 Inclytae
3156 4573 3592 4661 fortissimae-

1246 4725 1369 4789 que
1404 4728 1436 4759 »
1490 4702 1595 4768 die
1647 4702 1728 4768 15
1779 4703 2164 4786 Februariit,
2213 4702 2457 4788 quibus
2507 4702 2921 4789 aliquantum
2966 4701 3310 4766 relaxatur
3354 4699 3466 4766 lex
3512 4700 3594 4765 de

1249 4827 1603 4893 ministerio
1653 4828 1735 4893 ab
1784 4829 2069 4894 alumnis
2128 4851 2284 4894 cum
2344 4828 2670 4894 Pontificii
2719 4828 3064 4894 Seminarii
3127 4826 3405 4892 Romani
3454 4836 3591 4892 tum

1252 4952 1591 5018 Seminarii
1640 4951 1741 5015 Pii
1792 4951 2135 5017 Ecclesiae
2183 4949 2251 5015 S.
2303 4949 2702 5035 Apollinaris
2740 4949 3138 5036 praestando
3222 5001 3236 5015 .
3333 5001 3346 5015 .
3447 5003 3458 5014 .
3554 4978 3588 5010 »
3684 4950 3770 5016 25

1072 5236 1370 5303 Litterae
1418 5236 1837 5321 Apostolieae
1896 5237 2021 5302 sub
2078 5235 2273 5301 anulo
2331 5227 2683 5301 PiscatOris
2751 5267 2784 5299 α
2827 5237 3182 5302 Personam
3243 5235 3599 5300 beatissimi

1249 5364 1498 5430 Petri»
1551 5364 1655 5429 die
1706 5365 1740 5429 7
1794 5364 2053 5447 Martii3
2112 5362 2353 5450 quibus
2417 5361 2834 5447 Apostolicus
2897 5362 3274 5427 Vicariatus
3339 5360 3595 5426 Monta-
