4497 6714
1283 771 1433 850 170

1116 952 1565 1062 Apostolica
1648 953 2114 1036 auctoritate
2199 951 2723 1061 approbamus
2791 957 2872 1033 et
2939 948 3491 1034 confirmamus
3556 952 3636 1029 et
3700 944 3780 1026 in

1113 1122 1584 1224 perpetuum
1649 1115 1953 1198 firmam
2040 1119 2120 1198 et
2184 1112 2524 1197 validam
2602 1114 2768 1197 fore
2857 1109 3381 1195 decernimus
3449 1110 3777 1192 Praete-

1115 1305 1250 1361 rea
1346 1275 1705 1368 volumus
1792 1283 1872 1361 ct
1957 1274 2358 1376 iubemus,
2448 1304 2546 1360 ne
2635 1274 2762 1359 cui
2851 1277 2967 1359 fas
3054 1273 3157 1358 sit
3235 1301 3496 1357 sacras
3559 1271 3781 1357 Reli-

1117 1436 1374 1546 quiaS,
1457 1466 1657 1546 quac
1727 1414 1883 1519 iam
1949 1435 2030 1518 in
2112 1433 2364 1519 veteri
2445 1433 2877 1519 conditorio
2952 1432 3343 1543 repositae
3440 1439 3625 1516 sunt
3705 1437 3785 1517 et

1117 1597 1378 1708 sigillo
1445 1627 1678 1708 super
1753 1597 2240 1707 obsignatae,
2318 1595 2446 1681 vel
2513 1626 2782 1681 earum
2857 1594 3281 1705 particulas
3338 1594 3782 1693 dissociare,

1119 1762 1436 1844 demere
1501 1758 1627 1843 vel
1693 1765 2090 1868 asportare
2170 1759 2317 1841 sub
2395 1785 2648 1865 poena
2692 1755 3518 1841 excommunicationis
3580 1755 3786 1840 latae

1116 1919 1579 2021 sententiae,
1649 1918 1873 2003 cuius
1939 1917 2522 2005 absolutionem
2587 1916 2834 2003 Nobis
2880 1924 2961 2001 et
3004 1916 3313 2002 Nostris
3368 1917 3787 2003 Successo-

1114 2082 1332 2167 ribus
1397 2081 1713 2166 omnino
1777 2110 2295 2167 reservamus,

1306 2243 1831 2347 Quamobrem
1897 2241 2459 2327 committimus
2546 2248 2626 2326 et
2708 2241 3170 2323 mandamus
3234 2237 3621 2324 universis
3707 2242 3787 2321 et
3891 2342 3898 2348 ⁸

1117 2405 1454 2517 singulis
1518 2406 2117 2492 Venerabilibus
2184 2405 2595 2489 Fratribus
2663 2402 2972 2487 Nostris
3037 2398 3517 2485 Patriarchis
3552 2466 3571 2505 ,
3637 2397 3786 2482 Ar-

1122 2567 1688 2678 chiepiscopis,
1777 2566 2192 2678 Episcopis
2271 2565 2712 2675 ceterisque
2808 2563 3342 2649 Ecclesiarum
3407 2559 3790 2646 Praelatis

1117 2735 1577 2839 praesentes
1640 2727 1945 2812 litteras
2012 2726 2092 2810 in
2160 2756 2303 2810 sua
2369 2753 3019 2835 unumquemque
3085 2722 3504 2833 provincia,
3572 2722 3788 2806 dioe-

1124 2887 1283 2974 cesi
1349 2895 1430 2974 et
1495 2887 1810 2973 civitate
1878 2886 2336 2971 solemniter
2399 2886 2844 2997 publicare,
2913 2914 3005 2970 ea
3070 2882 3377 2969 meliori
3441 2883 3784 2985 ratione,

1122 3080 1358 3160 quam
1424 3049 1791 3160 expedire
1859 3047 2365 3150 censuerint3
2431 3055 2523 3132 ut
2586 3044 3258 3156 auspicatissimus
3339 3042 3789 3129 huiusmodi

1123 3216 1455 3299 eventus
1530 3209 1824 3319 ubique
1899 3208 2392 3311 innotescat,
2480 3215 2718 3317 atque
2815 3214 3047 3292 aucto
3129 3206 3446 3316 pietatis
3532 3204 3790 3291 studio

1123 3374 1348 3459 illum
1416 3371 1820 3459 christiani
1887 3399 2162 3456 omnes
2230 3370 2667 3473 celebrent,
2737 3398 3155 3479 sacrasque
3214 3367 3792 3480 peregrinatio-

1136 3565 1278 3622 nes
1344 3537 1444 3620 ad
1507 3540 2093 3618 sacrosanctum
2136 3531 2333 3615 illud
2375 3530 2849 3641 sepulcrum,
2919 3532 3582 3640 quemadmodum
3626 3559 3793 3614 ma·

1125 3697 1330 3784 iores
1396 3695 1643 3780 nostri
1688 3696 1947 3780 facere
1995 3701 2598 3794 consueverunt,
2636 3693 3090 3805 suscipiant.
3129 3743 3250 3758 —
3284 3696 3389 3778 Et
3424 3722 3580 3803 quo
3626 3692 3788 3779 effi-

1128 3859 1389 3945 cacius
1476 3886 1616 3968 pro
1703 3855 2062 3942 Ecclesia
2149 3855 2434 3942 Sancta
2519 3855 2671 3941 Dei
2747 3863 2828 3940 et
2909 3884 3051 3966 pro
3137 3855 3501 3941 universa
3584 3852 3793 3939 chri-

1128 4022 1378 4106 stiana
1441 4018 1845 4129 republica
1909 4017 2158 4102 sancti
2223 4018 2492 4103 Iacobi
2577 4017 2934 4128 Apostoli
3032 4026 3113 4103 et
3199 4018 3369 4104 eius
3453 4016 3796 4127 discipu-

1127 4180 1383 4265 lorum
1445 4176 1967 4288 patrocinium
2030 4176 2452 4286 impetrare
2519 4178 2942 4280 valeamus,
2992 4178 3354 4263 omnibus
3400 4187 3479 4264 et
3522 4178 3795 4288 singu-

1130 4338 1226 4422 lis
1292 4335 1736 4422 christianis
1802 4336 2214 4446 utriusque
2303 4366 2563 4439 sexuS,
2652 4337 2787 4447 qui
2850 4368 3034 4426 vere
3111 4340 3606 4449 poenitentes
3670 4338 3796 4425 die

1130 4528 1272 4610 per
1333 4498 1686 4582 locorum
1752 4497 2199 4582 Ordinarios
2268 4498 2677 4609 seligenda
2743 4500 3104 4603 confessi,
3172 4509 3252 4586 et
3296 4529 3514 4585 sacro
3572 4498 3800 4586 Chri-

1134 4657 1236 4743 sti
1300 4685 1622 4768 corpore
1686 4657 1963 4743 refecti
2029 4657 2108 4740 in
2174 4658 2491 4767 templis
2557 4658 2893 4745 ubilibet
2957 4660 3207 4743 sancti
3265 4660 3531 4746 Iacobi
3589 4630 3800 4770 Apo'-

1135 4817 1331 4905 stoli·
1379 4818 1551 4902 Deo
1616 4816 1948 4917 dicatiS,
2018 4823 2097 4902 et
2161 4816 2258 4901 iis
2323 4818 2871 4904 deficientibus
2935 4819 3017 4902 in
3088 4820 3441 4929 quolibet
3504 4819 3800 4932 templo

1102 4975 1236 5063 “ab
1282 4974 1708 5062 Ordinariis
1772 4973 2282 5085 designando,
2328 5004 2468 5086 pro
2534 4977 3008 5064 instantibus
3074 4979 3555 5090 gravissimis
3648 4982 3803 5065 Ec-

1110 5133 1424 5224 clesiae
1457 5133 2058 5222 necessitatibus
2094 5135 2421 5246 eiusque
2487 5138 2984 5245 exaltatione,
3020 5168 3159 5251 pro
3193 5139 3612 5225 haeresum
3654 5140 3803 5225 im-

1141 5301 1718 5410 probarumque
1764 5305 2158 5382 sectarum
2224 5298 2769 5409 extirpationc,
2823 5301 3070 5384 sancti
3117 5291 3383 5384 Iacobi
3418 5300 3799 5412 suppetiis
