4497 6714
1237 729 1395 805 214

1239 908 1558 993 sentiant,
1637 910 2026 994 posthabitis
2098 914 2621 979 contentionibus
2685 937 2854 999 quae
2924 914 3008 979 ad
3080 915 3372 999 privatas
3422 936 3573 977 cau-

1240 1055 1348 1098 sas
1398 1043 1464 1098 et
1508 1035 1680 1100 infra
1725 1059 1827 1102 res
1877 1040 2140 1103 maioris
2210 1042 2516 1104 momenti
2573 1041 2814 1125 positas
2867 1041 3261 1106 referuntur.
3306 1079 3387 1089 —
3439 1039 3572 1125 Op-

1239 1172 1522 1246 portuna
1566 1163 1698 1228 alia
1758 1165 2032 1249 praebet
2078 1167 2392 1249 consilia,
2436 1164 2772 1253 Suamque
2833 1168 3224 1232 sententiam
3281 1165 3577 1231 declarat

1239 1287 1321 1352 de
1369 1288 1610 1354 scholis
1657 1292 1722 1355 in
1772 1290 2013 1376 quibus
2063 1292 2268 1355 omnis
2318 1291 2399 1355 de
2447 1291 2762 1375 religione
2796 1292 3092 1357 doctrina
3116 1291 3571 1358 obmutescere

1239 1414 1513 1497 cogitur.
1570 1453 1651 1461 —
1701 1414 1925 1480 Monet
1970 1438 2010 1478 a
2042 1414 2406 1479 litterarum
2441 1414 2783 1498 palaestris
2819 1415 3140 1480 arcendos
3168 1438 3312 1479 esse
3352 1414 3572 1495 libros,

1239 1536 1480 1621 quibus
1541 1537 1865 1603 catholica
1932 1539 2157 1622 religio
2235 1539 2574 1623 impetitur
2634 1548 2698 1603 et
2761 1562 2973 1604 mores
3037 1550 3570 1624 corrumpuntur,

1240 1666 1626 1746 praesertim
1676 1687 1839 1751 quos
1888 1664 2231 1730 Ecclesiae
2280 1689 2563 1731 censura
2594 1667 2977 1751 perstrinxit
3079 1714 3094 1730 .
3190 1718 3204 1731 .
3302 1718 3316 1731 .
3409 1665 3573 1732 PAG.

1065 1912 1368 1997 Epistola
1420 1944 1450 1972 «
1511 1916 1758 1979 Tristia
1802 1915 2147 1981 admodum
2201 1944 2230 1975 »
2285 1916 2391 1981 die
2439 1918 2480 1980 2
2536 1916 2685 1981 Iulii
2749 1916 2832 1979 ad
2903 1915 3368 2001 presbyterum
3415 1914 3571 1980 Pro-

1241 2062 1507 2125 sperum
1552 2041 1851 2126 Delpech
1900 2042 2382 2107 Moderatorem
2430 2042 2774 2108 Societatis
2838 2042 3223 2108 Missionum
3273 2042 3570 2107 Extera-

1243 2189 1410 2231 rum.
1462 2206 1542 2215 —-
1591 2166 2023 2253 Summopere
2071 2169 2501 2254 conqueritur
2546 2168 2629 2233 de
2676 2169 2865 2251 gravi
2911 2167 3022 2232 illa
3054 2168 3363 2253 procella,
3400 2190 3572 2253 quae

1239 2292 1308 2355 in
1338 2291 1772 2356 Laocensium
1799 2294 2079 2376 regione,
2109 2294 2303 2357 unius
2335 2295 2489 2357 anni
2515 2294 2746 2378 spatie,
2782 2292 3175 2359 christianos
3208 2293 3462 2359 afflixit.
3486 2331 3566 2341 —

1244 2416 1568 2481 Plurimos
1616 2427 1935 2482 memorat
1971 2417 2054 2480 ab
2100 2418 2378 2482 inimicis
2413 2418 2751 2483 christiani
2784 2420 3062 2483 nominis
3096 2429 3388 2483 extremo
3424 2441 3574 2503 sup·

1246 2540 1439 2626 plicio
1488 2542 1778 2623 affectos,
1814 2542 2087 2607 adiectis
2120 2544 2394 2628 insuper
2439 2555 2584 2608 octo
2633 2544 3087 2609 sacerdotibus
3136 2567 3171 2608 e
3218 2542 3576 2609 Seminario

1249 2667 1633 2733 Missionum
1682 2668 2086 2733 Exterarum
2136 2690 2323 2734 sacro
2372 2668 2504 2733 illie
2552 2671 2910 2735 ministerio
2958 2668 3404 2753 fungentibus,
3462 2670 3577 2754 qui

1249 2804 1745 2879 persecutorum
1791 2794 1936 2857 odio
1987 2796 2254 2860 mactati
2303 2796 2775 2861 occubuerunt.
2829 2835 2909 2844 —
2961 2795 3270 2859 Firmiter
3309 2793 3578 2858 confidit

1247 2943 1376 3003 e08‚
1427 2920 1541 3007 qui
1588 2921 1833 2986 bonum
1883 2932 2217 2987 certamen
2246 2933 2575 2987 certantes
2604 2945 2870 2986 cursum
2905 2920 3182 3006 gloriose
3232 2940 3572 2985 consuma-

1248 3057 1421 3128 runt,
1473 3050 1600 3112 iam
1649 3071 1792 3112 esse
1839 3047 2187 3114 immortali
2236 3048 2374 3111 vita
2421 3048 2716 3129 donatOS,
2780 3060 2845 3113 et
2894 3071 2933 3111 a
2979 3047 3125 3111 Deo
3174 3045 3575 3132 praesidium

1241 3184 1307 3239 et
1351 3175 1865 3241 incolumitatem
1915 3176 2072 3258 suis,
2123 3178 2399 3260 gratiam
2451 3187 2517 3242 et
2561 3198 2752 3261 opem
2800 3176 2898 3259 iis,
2955 3196 3118 3260 quos
3197 3174 3260 3236 in
3311 3170 3573 3237 Christo

1240 3309 1633 3384 genuerunt,
1682 3299 2176 3386 adprecaturos.
2228 3341 2310 3350 —
2360 3300 2564 3387 Cupit
2612 3322 2832 3366 saeros
2871 3300 3219 3385 operarios
3267 3297 3576 3362 fiduciam

1250 3445 1514 3489 omnem
1559 3426 1625 3489 in
1672 3424 1816 3488 Deo
1865 3446 2131 3509 ponere,
2181 3427 2371 3489 cuius
2418 3425 2662 3508 gloriae
2697 3423 3119 3505 famulantur,
3170 3433 3235 3488 et
3280 3423 3451 3486 inter
3476 3445 3579 3486 ae-

1241 3571 1509 3614 rumnas
1558 3547 1909 3613 confortari
1957 3550 2022 3614 in
2070 3551 2365 3633 potentia
2412 3550 2673 3613 virtutis
2725 3549 2906 3631 Eius,
2958 3549 3070 3634 qui
3141 3546 3367 3611 fideles
3418 3568 3573 3611 suos

3627 1665 3750 1729 108

1240 3671 2102 3757 confundinonpatitur.
2202 3722 2215 3735 .
2314 3726 2325 3737 .
2426 3727 2436 3736 .
2536 3727 2546 3736 .
2648 3726 2655 3736 .
2755 3723 2768 3736 .
2867 3725 2879 3736 .
2982 3725 2990 3734 .
3093 3725 3102 3735 .
3201 3722 3215 3735 .
3308 3720 3323 3734 .
3425 3723 3436 3733 .
3538 3669 3751 3733 »110

1069 3927 1363 3991 Litterae
1411 3926 1830 4011 Apostolicae
1879 3926 2003 3990 sub
2051 3925 2250 3990 anulo
2323 3925 2679 3990 Piscatoris
2752 3957 2784 3988 «
2835 3925 3172 3990 Sivm‘libus
3220 3924 3485 3988 Litteris
3538 3951 3569 3981 »

1241 4050 1347 4114 die
1397 4050 1477 4114 15
1526 4049 1719 4132 Iulii3
1769 4049 2008 4135 quibus
2072 4049 2543 4133 pontificalium
2586 4060 3116 4113 ornamentorum
3151 4071 3311 4112 usus
3343 4068 3570 4110 conce-

1247 4172 1421 4240 ditur
1467 4175 1845 4260 Praeposito
1881 4173 2103 4260 templi
2137 4173 2664 4238 Vindobonensis
2695 4174 2835 4237 Deo
2870 4173 3198 4238 Salvatori
3248 4173 3438 4236 sacri.
3537 4200 3567 4227 »
3624 4171 3750 4234 113

1062 4424 1362 4510 Epistola
1412 4454 1446 4488 «
1480 4424 1590 4489 Ex
1630 4426 1861 4489 litteris
1905 4426 2135 4488 vestris
2171 4452 2205 4482 »
2265 4423 2370 4488 die
2406 4425 2430 4487 1
2477 4424 2763 4508 Augusti
2798 4423 2879 4487 ad
2926 4422 3314 4487 Michaelem
3347 4422 3574 4486 Helm-

1243 4552 1480 4635 berger
1526 4549 1885 4635 parochum
1931 4549 2226 4634 aliosque
2277 4560 2613 4614 curatores
2685 4570 2799 4634 pro
2863 4547 3181 4612 catholico
3241 4556 3566 4612 conventu

1235 4677 1610 4761 Ambergae
1657 4675 2046 4741 celebrando
2125 4677 2538 4740 constitutos,
2607 4713 2686 4722 —-
2755 4672 3024 4738 Gaudet
3092 4672 3174 4737 de
3237 4681 3568 4737 conventu

1238 4801 1707 4867 catholicorum
1755 4800 2151 4866 Germaniae
2200 4802 2264 4863 in
2315 4800 2753 4884 Ambergensi
2817 4800 3054 4884 oppido
3104 4798 3429 4863 habendo,
3492 4836 3557 4847 -

1236 4927 1541 5011 Impense
1588 4926 1816 4990 laudat
1862 4937 1927 4990 et
1973 4928 2291 5010 optimum
2339 4927 2890 5011 aptissimumque
2939 4923 3343 5009 temporibus
3388 4923 3569 4988 iudi-

1240 5059 1348 5114 cat
1394 5049 1629 5129 zelum,
1679 5071 1807 5134 quo
1857 5051 2029 5112 vires
2079 5049 2163 5112 ad
2212 5048 2365 5112 fidei
2413 5050 2855 5132 integritatem
2901 5060 3282 5134 rectamque
3317 5070 3568 5112 morum

1240 5172 1649 5258 disciplinam
1696 5172 2007 5237 tuendam
2056 5183 2121 5237 et
2166 5174 2311 5238 iura
2360 5171 2698 5237 Ecclesiae
2761 5173 3127 5237 adserenda
3175 5174 3299 5238 sub
3348 5184 3568 5238 aucto-

1238 5300 1429 5364 ritate
1494 5299 1839 5362 Pastorum
1910 5300 2338 5380 coniungunt.
2417 5337 2495 5345 --
2571 5297 2963 5362 Gratulatur
3025 5299 3198 5384 quod
3259 5298 3568 5363 studeant
