4497 6714
3135 816 3277 895 193

771 1014 1017 1092 tatem
1083 1004 1663 1114 suspiciendam
1727 1013 1808 1089 et
1874 1005 2426 1088 celebrandam
2490 1000 3029 1112 impulerunt;
3109 1031 3198 1084 ac
3265 1001 3428 1086 Nos

770 1165 918 1278 ipsi
982 1167 1241 1251 facere
1306 1193 1461 1250 non
1505 1193 1942 1275 possumus,
1992 1163 2182 1276 quin
2225 1162 2632 1249 vobiscum
2700 1162 3213 1247 confiteamur
3261 1160 3428 1245 Do-

769 1327 1005 1429 mino,
1071 1326 1327 1437 Eique
1393 1326 1740 1411 debitam
1806 1326 2142 1438 gloriam
2206 1325 2704 1437 gratiamque
2768 1352 2908 1434 pro
2972 1320 3427 1409 huiusmodi

769 1518 958 1575 suae
1025 1488 1541 1600 benignitatis
1605 1488 1829 1574 donis
1895 1488 2360 1573 tribuamus.
2429 1486 2510 1573 Si
2575 1486 2782 1572 enim
2831 1485 3024 1571 Eius
3096 1514 3426 1573 munere

766 1651 1064 1735 factum
1127 1657 1248 1735 est
1312 1657 1402 1734 ut
1464 1647 1952 1735 hortationes
1996 1650 2330 1734 Nostrae
2396 1655 2558 1733 tam
2622 1646 2889 1760 pronis
2934 1655 3014 1733 et
3056 1647 3428 1734 studiosis

768 1810 1048 1895 animis
1113 1842 1159 1895 a
1222 1809 1586 1896 fidelibus
1653 1810 2230 1922 exciperentur,
2298 1816 2535 1918 atque
2600 1805 2751 1893 hac
2808 1808 3217 1894 occasione
3261 1816 3426 1894 tam

764 1971 1210 2058 luculenter
1272 1972 1480 2058 avita
1545 2000 1819 2057 eorum
1882 1972 2077 2057 fides
2144 1980 2225 2057 et
2289 1970 2572 2082 religio
2637 1970 3036 2083 fulgeret,
3113 1971 3194 2055 id
3256 2000 3424 2057 ma-

766 2162 972 2243 gnac
1040 2163 1321 2220 causae
1388 2133 1635 2218 Nobis
1681 2141 1803 2218 est
1846 2136 1946 2217 ad
1988 2162 2209 2245 spem
2276 2132 2646 2217 Nostram
2710 2132 2965 2245 magis
3008 2133 3422 2245 magisque

766 2298 1398 2401 confirmandam,
1467 2325 1622 2406 qua
1685 2298 1851 2383 fore
1897 2295 2355 2381 confidimus
2401 2303 2489 2380 ut
2533 2302 2841 2407 optatos
2903 2296 3420 2409 benignitatis

765 2456 957 2542 Eius
1000 2458 1326 2559 fructuS,
1395 2456 1921 2544 Conciliatrice
1986 2456 2350 2567 Deipara,
2418 2456 2499 2540 in
2548 2454 2701 2541 hoc
2768 2457 3196 2543 certamine
3262 2486 3418 2568 quo

760 2619 1190 2730 fungimur,
1256 2618 1489 2730 plene
1554 2648 1644 2703 ac
1709 2618 2046 2704 feliciter
2108 2621 2566 2704 referamus.
2634 2620 2950 2704 Interea
3012 2619 3170 2705 tuis
3235 2646 3417 2705 coo-

760 2780 1253 2892 peratoribus
1318 2788 1398 2866 et
1465 2780 1824 2866 fidelibus
1888 2809 2029 2892 pro
2095 2779 2402 2865 eximiis
2465 2778 2614 2865 zeli
2680 2808 2771 2863 ac
2834 2780 3150 2891 pietatis
3206 2781 3415 2892 ipso-

758 2974 933 3028 rum
997 2944 1467 3030 testimoniis
1531 2943 1885 3054 impense
1950 2941 2032 3026 in
2086 2942 2425 3028 Domino
2471 2941 2984 3053 gratulamur,
3032 2941 3414 3028 officium-

760 3134 914 3214 que
978 3111 1229 3207 tuum,
1278 3132 1433 3213 quo
1477 3102 1676 3189 haec
1719 3101 1966 3187 Nobis
2011 3102 2525 3214 significanda
2582 3099 2896 3204 curasti,
2963 3102 3412 3213 gratissimo

754 3264 1304 3378 prosequimur
1369 3264 1651 3369 animo,
1719 3264 2063 3350 divinam
2127 3263 2628 3350 clementiam
2671 3293 2769 3351 ex
2824 3267 3058 3352 corde
3122 3295 3412 3379 rogan-

756 3438 876 3515 tes
912 3495 931 3532 ,
995 3436 1086 3513 ut
1149 3437 1228 3515 te
1295 3458 1385 3514 ac
1452 3428 1907 3514 universum
1971 3433 2199 3513 tuum
2264 3457 2600 3540 gregem
2684 3428 3022 3540 propitia
3097 3459 3410 3541 semper

755 3590 1143 3702 respiciat,
1181 3620 1274 3676 ea
1339 3619 1540 3700 quae
1608 3597 1929 3700 operata
1994 3598 2114 3676 est
2176 3589 2260 3674 in
2323 3589 2545 3675 vobis
2611 3590 3021 3677 confirmet
3086 3591 3408 3679 solidet-

754 3780 907 3862 que
945 3818 964 3855 ,
1031 3780 1121 3837 ac
1187 3781 1424 3863 opera
1488 3751 1803 3864 pietatis
1867 3758 2174 3838 vestrae
2242 3779 2567 3836 suorum
2630 3754 3013 3837 donorum
3078 3759 3160 3840 et
3222 3783 3407 3865 gra-

753 3914 1041 4000 tiarum
1103 3915 1608 4002 incrementis
1672 3920 2246 4001 renumeretur.
2338 3915 2760 4026 Sperantes
2838 3916 3099 4003 Deum
3184 3917 3410 4005 beni-

752 4078 1222 4189 gnissimum
1287 4081 1384 4163 ad
1447 4078 1783 4190 gloriam
1845 4079 2185 4197 nominis
2231 4079 2354 4164 sui
2397 4077 2598 4167 haec
2662 4089 2844 4167 vota
2908 4081 3198 4167 Nostra
3239 4089 3411 4167 rata

749 4236 1229 4341 habiturum,
1267 4238 1799 4350 Apostolicam
1851 4240 2531 4344 Benedictionem,
2578 4240 2658 4325 in
2703 4240 2994 4352 pignus
3059 4241 3409 4353 peculia-

749 4398 857 4483 ris
919 4398 1518 4485 benevolentiae
1585 4400 1918 4485 Nostrae
1986 4408 2066 4486 et
2128 4399 2207 4485 in
2244 4400 2683 4512 auspicium
2728 4399 2969 4485 divini
3014 4400 3407 4512 praesidii,

750 4558 948 4662 tibi,
1016 4559 1210 4645 Ven.
1280 4561 1563 4645 Frater
1596 4626 1615 4664 ,
1684 4565 1765 4645 et
1828 4561 2193 4647 universo
2262 4560 2472 4648 clero
2539 4590 2630 4648 ac
2695 4561 3057 4649 fidelibus
3123 4562 3409 4674 quibus

748 4718 1146 4828 praesides
1212 4726 1712 4830 peramanter
1777 4727 1857 4806 et
1922 4749 2018 4806 ex
2085 4724 2320 4808 corde
2385 4720 2904 4833 impertimus

934 4881 1230 4966 Datum
1264 4883 1567 4968 Romae
1603 4884 1810 4993 apud
1844 4881 1920 4969 S.
1957 4883 2286 4968 Petrum
2322 4883 2449 4970 die
2488 4884 2538 4968 2
2551 4885 2601 4968 9
2640 4883 3109 4974 Novembris
3141 4884 3402 4989 1884,

746 5039 1262 5127 Pontificatus
1324 5041 1594 5128 Nostri
1659 5071 1864 5129 anno
1928 5041 2289 5155 septimo.

1709 5363 1912 5449 LEO
1976 5365 2137 5450 ΡΡ.
2206 5367 2435 5451 ΧΙΙΙ.

3045 5527 3103 5571 13
