4497 6714
1138 788 1285 866 180

976 976 1214 1060 clesia
1279 976 1666 1062 catholica
1729 977 2195 1063 Pontificem
2262 1007 2359 1062 ex
2425 976 2691 1060 Africa
2736 975 3062 1086 accepit,
3098 973 3401 1060 scilicet
3444 1003 3623 1058 san-

979 1147 1194 1224 ctum
1259 1139 1655 1226 Victorem
1683 1207 1701 1243 ,
1769 1140 1903 1250 qui
1927 1207 1945 1244 ,
2014 1139 2441 1229 christiana
2527 1138 2933 1250 republica
2997 1137 3301 1224 naviter
3377 1144 3629 1248 gesta,

980 1300 1362 1388 decennio
1427 1308 1603 1412 post
1667 1307 1959 1409 martyr
2013 1300 2407 1387 occubuit.
2447 1349 2567 1364 —
2603 1298 2841 1385 Brevi
2908 1305 3174 1384 autem
3221 1296 3631 1384 intervallo

982 1491 1139 1549 non
1204 1462 1619 1550 mediocris
1711 1461 1972 1547 extitit
2054 1461 2278 1573 copia
2351 1459 2825 1571 sapientium
2912 1457 3324 1544 hominum
3397 1465 3634 1567 atque

985 1655 1452 1737 magnorum
1503 1653 1520 1709 t
1590 1622 2060 1734 Cyprianum
2125 1620 2671 1731 intelligimus,
2739 1619 3337 1721 Tertullianum,
3385 1616 3637 1703 Aure-

985 1787 1205 1889 lium,
1271 1785 1683 1886 Evodium,
1751 1781 2219 1883 Possidium,
2288 1787 2368 1866 et
2433 1779 2568 1890 qui
2633 1807 2791 1863 non
2838 1778 3182 1864 Africam
3227 1779 3457 1863 modo
3501 1779 3641 1863 sed

990 1947 1435 2033 universam
1503 1943 2009 2030 christianam
2052 1940 2623 2052 rempublicam
2665 1970 2871 2024 unus
2914 1940 3252 2025 maxime
3297 1938 3641 2023 illustra-

993 2110 1130 2213 vit,
1199 2108 1762 2221 Augustinum.

1184 2271 1305 2357 Ab
1371 2269 1562 2382 ipsis
1624 2296 1811 2355 vero
1875 2266 2282 2353 Ecclesiae
2350 2266 2764 2352 Africanae
2828 2264 3274 2375 primordiis
3316 2262 3648 2375 praesti-

997 2435 1187 2521 tisse
1254 2432 1816 2545 Carthaginem
1866 2457 2098 2516 nemo
2145 2429 2477 2515 dubitat.
2523 2428 2786 2514 Huius
2821 2427 3032 2514 enim
3078 2426 3414 2513 civitatis
3457 2423 3649 2536 Epi-

996 2595 1252 2708 scopis
1316 2595 1439 2679 ius
1505 2600 1626 2680 est
1689 2599 1994 2677 mature
2063 2590 2515 2701 quaesitum
2579 2597 2668 2676 ut
2734 2597 3038 2676 ceteros
3085 2595 3476 2701 potestate
3510 2617 3649 2672 an-

998 2755 1311 2860 teirent,
1378 2754 1702 2867 ipsaque
1770 2750 2446 2863 Carthaginiensis
2510 2750 2891 2853 Ecclesia,
2928 2757 3018 2835 ut
3052 2758 3173 2837 est
3236 2752 3444 2862 apud
3490 2747 3653 2832 Au-

998 2917 1410 3029 gustinum
1458 2908 1508 3019 ¹,
1577 2921 1812 3025 caput
1861 2912 2170 2998 Africae
2214 2911 2766 3023 appellaretur.
2811 2913 3121 2998 Revera
3191 2917 3412 2996 tanta
3486 2915 3655 2995 erat

1003 3073 1783 3187 Carthaginiensium
1847 3072 2320 3158 Pontificum
2384 3100 2526 3181 per
2592 3069 2936 3155 Africam
3033 3069 3457 3156 auctoritas
3482 3134 3501 3169 ,
3568 3074 3657 3152 ut

1002 3244 1102 3327 de
1169 3239 1463 3326 caussis
1506 3238 2044 3324 Ecclesiarum
2089 3265 2568 3349 cognoscere
2617 3235 3211 3323 consueverint:
3256 3233 3449 3320 item
3533 3260 3658 3318 re-

1003 3429 1285 3514 sponsa
1349 3400 1757 3512 Episcopis
1821 3403 2033 3503 dare,
2105 3400 2415 3511 legatos
2460 3401 2558 3483 ad
2599 3397 3048 3507 Principem
3087 3395 3426 3498 mittere,
3474 3422 3660 3480 con-

1007 3561 1184 3647 cilia
1249 3561 1598 3648 omnium
1663 3561 2243 3673 provinciarum
2309 3560 2679 3647 indicere.
2720 3558 2890 3664 Qua
2953 3561 3051 3643 de
3116 3586 3203 3643 re
3268 3553 3665 3668 perhono-

1004 3721 1311 3806 rificum
1375 3728 1456 3808 et
1537 3722 2087 3834 gravissimum
2153 3729 2275 3807 est
2360 3721 2607 3806 sancti
2674 3720 2962 3807 Leonis
3034 3716 3165 3803 IX
3227 3717 3662 3805 decessoris

1005 3882 1273 3968 Nostri
1314 3881 1877 3983 testimonium,
1916 3881 2051 3991 qui
2095 3883 2192 3966 de
2236 3880 2407 3966 iure
2454 3879 3196 3992 Archiepiscopatus
3242 3877 3661 3991 Carthagi-

1009 4041 1304 4129 niensis
1347 4042 1819 4129 sententiam
1883 4048 2234 4154 rogatuS,
2282 4046 2382 4128 ad
2426 4042 2810 4129 Thomam
2842 4042 3319 4154 Episcopum
3388 4041 3498 4127 sic
3542 4071 3667 4127 re-

1012 4203 1363 4314 scripsit:
1448 4206 1624 4290 Sinc
1700 4208 1915 4292 dubio
1978 4211 2160 4318 post
2232 4209 2653 4293 Romanum
2710 4209 3139 4319 Pontificem
3170 4213 3471 4320 primus
3513 4206 3674 4292 Ar-

1016 4370 1513 4478 cleicpis‘copus
1609 4370 1681 4451 et
1761 4371 1982 4451 totius
2057 4365 2377 4477 Africae
2439 4373 2810 4452 maximus
2892 4370 3496 4479 metropolitanus
3571 4371 3682 4452 cst

1035 4527 1675 4637 Cartleayim’ensis
1784 4528 2199 4639 Ispis‘copus
2243 4557 2270 4612 .·
2363 4557 2491 4612 nec
2573 4556 2723 4640 pro
2824 4530 3073 4640 aliquo
3170 4534 3497 4642 episcopo
3601 4536 3681 4614 in

1023 4692 1175 4773 tota
1262 4684 1544 4797 Africa
1625 4690 1943 4799 perdere
2011 4692 2261 4800 potest
2324 4692 2796 4801 privz'lcyium
2881 4691 3101 4775 semel
3155 4696 3568 4803 susceptum
3630 4722 3681 4775 (ι

1023 4850 1288 4931 sancta
1370 4874 1685 4932 romana
1759 4851 1831 4932 et
1899 4850 2300 4959 apostolica
2364 4848 2573 4949 Sede,
2626 4851 2762 4933 sed
2799 4850 3142 4934 obtinebit
3194 4851 3391 4934 illud
3451 4880 3683 4963 usque

1024 5011 1104 5092 in
1154 5007 1392 5117 finem
1474 5009 1757 5094 saeculi
1812 5011 1884 5092 et
1962 5011 2185 5093 donec
2268 5009 2722 5100 invocabitur
2788 5014 2865 5095 in
2930 5040 3016 5095 ea
3078 5037 3338 5096 nomen
3389 5012 3694 5096 Domini

1245 5356 1265 5399 ¹
1328 5362 1553 5454 Epist.
1614 5388 1895 5459 xxxxm,
1937 5388 2121 5440 num.
2192 5369 2310 5438 17.
