4497 6714
1261 793 1410 873 124

1102 978 1392 1064 didisse
1460 982 1557 1063 ad
1623 978 1984 1089 graviora
2050 1006 2388 1087 quoque,
2436 977 2502 1062 si
2547 977 2657 1062 ita
2722 979 2893 1063 Deo
2958 977 3289 1089 placeat,
3354 977 3757 1088 perferen-

1100 1139 1223 1224 da.
1292 1138 1564 1223 Donec
1610 1137 1822 1224 enim
1886 1137 2206 1249 spiritus
2251 1166 2579 1248 precum
2643 1137 3074 1224 effunditur
3138 1165 3375 1247 super
3438 1139 3761 1221 domum

1096 1297 1352 1382 David
1418 1304 1497 1383 et
1561 1326 1798 1409 super
1895 1296 2381 1384 habitatores
2466 1299 2955 1402 Ierusalem,
3024 1297 3106 1382 in
3169 1326 3393 1409 spem
3457 1302 3759 1383 certam

1101 1458 1584 1561 adducimur,
1631 1462 1797 1545 fore
1843 1466 1933 1544 ut
1999 1459 2423 1569 aliquando
2468 1460 2940 1570 propitietur
3003 1460 3247 1563 Deus,
3312 1457 3756 1543 Ecclesiae-

1100 1648 1252 1729 que
1319 1648 1507 1705 suae
1554 1620 1968 1706 miseratus
2011 1621 2290 1723 vicem,
2327 1621 2595 1705 audiat
2658 1622 2977 1705 tandem
3020 1648 3294 1730 preces
3339 1621 3755 1705 obsecran-

1099 1781 1297 1864 tium
1341 1810 1482 1892 per
1524 1783 1746 1885 Eam,
1795 1812 2033 1893 quam
2077 1782 2245 1893 ipse
2293 1781 2750 1868 caelestium
2811 1781 3246 1891 gratiarum
3290 1778 3537 1865 voluit
3581 1807 3753 1864 esse

1099 1945 1663 2032 administram.

1286 2104 1777 2216 Quapropter
1839 2104 2368 2190 insidentibus
2436 2103 2715 2205 causiS,
2753 2131 2953 2214 quae
2990 2103 3152 2187 Nos
3217 2104 3314 2185 ad
3358 2099 3754 2213 publicam

1094 2267 1472 2378 pietatem
1539 2267 2055 2370 excitandam,
2101 2267 2218 2352 uti
2254 2266 2616 2369 diximus,
2664 2294 2866 2352 anno
2934 2263 3336 2374 superiore
3416 2262 3752 2373 impule-

1093 2433 1333 2531 runt,
1412 2427 1645 2512 officii
1719 2427 1988 2513 Nostri
2071 2426 2481 2530 duximuS,
2569 2426 3081 2512 Venerabiles
3146 2426 3465 2515 Fratres
3502 2490 3520 2526 ,
3587 2422 3741 2509 hoc

1094 2616 1408 2699 quoque
1474 2617 1677 2674 anno
1767 2587 2065 2673 hortari
2146 2587 2477 2698 populos
2566 2585 3075 2690 christianoS,
3142 2591 3231 2669 ut
3309 2586 3388 2669 in
3472 2585 3751 2670 huius-

1094 2747 1307 2831 modi
1391 2746 1764 2859 precandi
1837 2746 2140 2831 ratione
2208 2754 2289 2831 et
2352 2746 2688 2831 formula
2716 2811 2735 2848 ,
2826 2775 3028 2856 quae
3097 2751 3506 2833 Rosarz‘mn
3573 2749 3750 2830 Ma-

1093 2914 1281 2995 rz‘ccle
1344 2907 1669 3011 dicitur,
1770 2915 2402 3018 perseverantes,
2501 2907 2649 2991 sibi
2746 2906 3093 2992 validum
3174 2933 3510 3016 magnae
3598 2902 3750 2989 Dei

1094 3068 1518 3154 Genitricis
1582 3068 2105 3180 patrocinium
2169 3072 2748 3154 demereantur.
2820 3068 3022 3153 Cum
3077 3067 3290 3152 enim
3356 3065 3436 3149 in
3502 3093 3792 3175 oppua

1091 3229 1552 3340 gnatoribus
1598 3227 2004 3313 christiani
2070 3228 2407 3313 nominis
2450 3235 2671 3314 tanta
2734 3228 2836 3313 sit
2902 3226 3322 3313 obstinatio
3387 3222 3745 3335 proposi-

1090 3393 1174 3494 ti,
1220 3391 1301 3476 in
1364 3392 2080 3503 propugnatoribus
2145 3420 2302 3478 non
2347 3392 2733 3478 minorem
2776 3419 2949 3477 esse
3016 3394 3325 3500 oportet
3372 3395 3738 3474 constan-

1091 3554 1285 3638 tiam
1326 3553 1775 3656 voluntatiS,
1829 3582 2075 3663 quum
2140 3553 2606 3664 praesertim
2653 3553 2991 3638 caeleste
3038 3549 3417 3635 auxilium
3463 3555 3542 3635 et
3588 3548 3745 3635 col-

1092 3715 1251 3801 lata
1313 3715 1541 3801 nobis
1605 3746 1677 3838 a,
1713 3716 1885 3801 Deo
1949 3714 2365 3818 beneficia,
2432 3713 3062 3825 perseverantiae
3130 3720 3442 3798 nostrae
3509 3738 3743 3819 saepe

1093 3878 1396 3964 soleant
1482 3906 1654 3963 esse
1737 3879 2063 3963 fructus
2133 3925 2255 3938 --
2319 3874 2435 3959 Ac
2499 3903 2866 3960 revocare
2955 3873 3171 3959 iuvat
3250 3871 3331 3956 in
3397 3878 3745 3957 mentem

1093 4067 1429 4149 magnae
1494 4039 1704 4122 illius
1748 4035 2018 4122 Iudith
2085 4036 2559 4146 exemplum,
2628 4063 2830 4146 quae
2897 4033 3148 4120 almae
3216 4031 3563 4144 Virginis
3626 4037 3744 4139 ty-

1091 4229 1282 4311 pum
1346 4198 1730 4286 exhibens
1764 4199 2088 4282 stultam
2152 4200 2630 4283 Iudaeorum
2694 4195 3069 4307 repressit
3132 4193 3741 4307 impatientiam,

1094 4359 1571 4446 constituere
1616 4359 1788 4444 Deo
1832 4358 2266 4444 volentium
2312 4356 2633 4442 arbitrio
2688 4385 2829 4442 suo
2875 4356 3086 4441 diem
3131 4358 3228 4440 ad
3272 4354 3744 4440 subvenien-

1092 4523 1279 4605 dum
1323 4548 1740 4630 oppressae
1789 4518 2112 4604 civitati.
2161 4521 2644 4604 Intuendum
2691 4519 2885 4604 item
2926 4519 3007 4601 in
3051 4517 3498 4628 exemplum
3534 4516 3744 4628 Apo-

1091 4680 1495 4783 stolorum,
1545 4679 1680 4790 qui
1744 4679 2174 4764 maximum
2219 4679 2556 4791 Spiritus
2599 4679 2972 4764 Paracliti
3015 4681 3308 4764 donum
3372 4677 3523 4762 sibi
3566 4705 3744 4788 pro-

1092 4840 1420 4926 missum
1485 4847 2133 4953 expectaverunt,
2214 4812 2810 4962 perseverantes
2889 4840 3363 4927 unanimiter
3429 4840 3509 4924 in
3574 4867 3747 4925 ora-

1091 5002 1304 5087 tione
1373 5031 1553 5086 cum
1636 5000 1882 5088 Maria
1957 5002 2209 5087 Matre
2289 5004 2496 5087 Iesu.
2565 5052 2687 5066 —
2751 5001 3043 5113 Agitur
3118 5001 3329 5088 enim
3395 5007 3475 5087 et
3539 5028 3748 5084 nunc

1090 5167 1189 5249 de
1254 5165 1499 5247 ardua
1569 5190 1661 5246 ac
1727 5160 1995 5272 magni
2076 5160 2456 5248 momenti
2521 5189 2642 5264 re,
2722 5163 2818 5247 de
2884 5159 3202 5246 inimico
3278 5158 3604 5269 antiquo
3669 5164 3751 5244 et

1087 5321 1502 5408 vaferrimo
1549 5321 1628 5405 in
1694 5320 1900 5407 elata
1942 5321 2342 5431 potentiae
2409 5349 2598 5406 suae
2664 5320 2831 5405 acie
2874 5318 3400 5425 humiliand03
3449 5322 3546 5404 de
3591 5319 3744 5402 Ec-
