4497 6714
3096 802 3230 875 lll

727 1008 861 1066 eos
925 981 1082 1064 iam
1147 1008 1318 1067 esse
1386 980 1807 1066 immortali
1870 982 2030 1066 vita
2073 984 2425 1084 donatOS,
2473 990 2554 1067 et
2588 949 2798 1092 apud
2872 981 3134 1066 Deum
3209 1010 3377 1067 me-

722 1169 979 1226 mores
1045 1168 1318 1227 eorum
1383 1142 1517 1252 qui
1582 1141 1662 1225 in
1727 1142 2234 1228 tribulatione
2301 1150 2486 1227 sunt
2548 1142 2782 1251 positi
2816 1141 2897 1225 id
2962 1168 3226 1252 agere,
3275 1148 3365 1226 ut

722 1299 1199 1411 praesidium
1263 1308 1344 1385 et
1404 1301 2026 1387 incolumitatem
2122 1302 2317 1403 suiS,
2385 1302 2724 1412 gratiam
2807 1308 2888 1387 et
2971 1329 3203 1412 opem
3247 1300 3369 1405 iis,

726 1486 921 1569 quos
984 1461 1065 1543 in
1133 1459 1446 1545 Christo
1512 1467 1985 1571 genuerunt,
2053 1463 2599 1571 adprecentur.
2667 1464 2762 1545 In
2828 1461 2977 1546 hac
3020 1490 3206 1547 vero
3252 1462 3379 1547 lu-

727 1622 998 1702 ctuosa
1060 1646 1326 1702 rerum
1392 1617 1834 1702 conditione
1898 1616 2212 1726 penitus
2300 1616 2820 1727 intelligimus
2899 1616 3376 1722 discrimina,

727 1775 1011 1884 quibus
1076 1775 1471 1860 societatis
1535 1782 1842 1861 vestrae
1909 1775 2241 1886 operarii
2309 1775 2390 1859 in
2455 1776 2785 1861 extremi
2854 1776 3178 1861 orientis
3243 1805 3370 1863 re-

726 1936 1093 2046 gionibus
1157 1944 1342 2022 sunt
1405 1937 1772 2042 obnoxii3
1840 1945 1921 2021 at
1984 1938 2147 2022 Nos
2211 1937 2449 2047 erigit
2513 1966 2806 2047 eosque
2889 1938 3181 2048 pariter
3246 1967 3377 2025 so-

730 2096 870 2180 lari
937 2099 1174 2183 debet
1239 2127 1333 2184 ea
1397 2098 1797 2210 cogitatiO,
1846 2102 2055 2209 quod
2118 2126 2404 2208 nempe
2471 2098 2722 2183 fidelis
2787 2099 3005 2183 Deus
3051 2127 3208 2184 non
3242 2128 3382 2210 pa-

728 2254 970 2340 tietur
1034 2285 1167 2342 eos
1232 2258 1516 2343 tentari
1580 2288 1815 2369 supra
1879 2258 1959 2343 id
2021 2259 2232 2368 quod
2295 2266 2645 2368 possunt,
2714 2261 2855 2345 sed
2917 2258 3152 2344 saciet
3197 2287 3378 2346 cum

727 2417 1160 2503 tentatione
1224 2425 1690 2529 proventum
1753 2426 1843 2502 ut
1904 2417 2205 2529 possint
2248 2419 2660 2505 sustinere.
2711 2419 3200 2529 Quapropter
3244 2448 3382 2503 cu-

725 2579 983 2690 pimus
1048 2608 1182 2665 eos
1249 2579 1614 2664 fiduciam
1678 2607 1994 2666 omnem
2058 2580 2139 2663 in
2205 2580 2376 2664 Deo
2442 2608 2756 2690 ponere,
2795 2580 3019 2663 cuius
3064 2579 3363 2690 gloriae

727 2740 1227 2843 famulantur,
1294 2747 1375 2824 et
1438 2739 1643 2823 inter
1707 2768 2121 2824 aerumnas
2189 2739 2606 2824 confortari
2673 2739 2753 2822 in
2818 2739 3172 2849 potentia
3214 2739 3371 2824 vir-

725 2901 918 2987 tutis
987 2899 1179 2985 Eius
1245 2899 1381 3010 qui
1445 2906 1851 3011 sperantes
1915 2900 1998 2984 in
2061 2928 2146 2986 se
2214 2900 2585 2985 confundi
2649 2927 2806 2986 non
2840 2900 3156 3010 patitur.
3205 2900 3370 2986 Nos

728 3062 1047 3173 quidem
1111 3089 1268 3147 non
1333 3061 1839 3164 omittemus,
1908 3061 2195 3147 dilecte
2261 3061 2394 3165 fili,
2462 3060 2543 3145 in
2606 3060 3056 3147 humilitate
3123 3061 3375 3147 cordis

726 3221 992 3308 Nostri
1060 3251 1193 3307 eos
1261 3221 1488 3308 enixe
1555 3223 2102 3306 commendare
2169 3222 2365 3323 Dec,
2411 3229 2501 3306 ut
2569 3224 2806 3308 verbo
2844 3222 3155 3307 virtutis
3192 3251 3381 3307 suae

728 3413 865 3470 eos
963 3384 1420 3470 fortitudine
1530 3391 1610 3469 et
1703 3383 2233 3469 consolatione
2335 3383 2692 3494 repleat,
2802 3382 3194 3493 simulque
3287 3384 3384 3467 ab

725 3545 918 3629 Eius
985 3545 1403 3631 clementia
1466 3544 1860 3656 poscimus
1925 3551 2014 3628 ut
2080 3572 2321 3629 novos
2387 3543 2782 3654 operarios
2850 3544 3389 3647 excitet‚eos-

723 3736 877 3817 que
942 3706 1232 3793 virtute
1301 3706 1572 3791 induat
1636 3735 1735 3791 ex
1799 3707 1956 3791 alto
2024 3713 2104 3792 et
2168 3708 2493 3791 dextera
2557 3736 2697 3790 sua
2762 3712 2986 3816 tegat
3050 3736 3141 3791 ac
3198 3709 3381 3791 bra-

722 3866 900 3952 chio
965 3872 1234 3951 sancto
1299 3893 1442 3950 suo
1507 3867 1899 3956 defendat.
1968 3893 2113 3950 nec
2177 3893 2337 3949 non
2402 3864 2787 3975 propitius
2852 3894 3163 3974 semper
3250 3894 3379 3951 re-

716 4026 995 4138 spiciat
1057 4027 1505 4113 universam
1568 4025 2028 4113 societatem
2090 4033 2458 4128 vestram,
2508 4055 2745 4137 quam
2790 4026 3128 4110 filiorum
3194 4053 3378 4111 suo-

595 4222 600 4227 ·
717 4215 895 4270 rum
960 4184 1205 4270 virtus
1268 4184 1649 4285 illustrat,
1717 4184 2046 4294 eiusque
2112 4186 2241 4297 pia
2306 4215 2542 4296 opera
2576 4192 2893 4271 tueatur
2937 4213 3027 4269 ac
3072 4186 3388 4271 luctum

716 4353 1067 4432 vestrum
1131 4345 1210 4428 in
1274 4345 1656 4457 gaudium
1721 4353 2146 4431 convertat.
2216 4395 2340 4410 —
2404 4346 2626 4430 Haec
2692 4375 2738 4429 a
2800 4345 3088 4430 Divina
3151 4345 3378 4430 beni-

719 4506 1024 4617 gnitate
1090 4505 1597 4617 implorantes
1662 4505 1861 4610 tibi,
1929 4507 2214 4593 dilecte
2281 4507 2413 4610 fili,
2481 4514 2719 4617 atque
2787 4507 3151 4592 omnibus
3208 4507 3382 4618 qui-

716 4666 867 4751 bus
929 4694 1205 4776 praees
1271 4673 1678 4777 paternam
1743 4667 2111 4752 Nostram
2175 4667 2678 4753 dilectionem
2745 4697 2843 4753 ex
2906 4667 3166 4755 animo
3199 4699 3381 4781 pro-

716 4825 1030 4912 fitemur
1064 4891 1083 4928 ,
1150 4854 1242 4912 ac
1306 4825 1841 4937 Apostolicam
1906 4827 2559 4913 Benedictionem
2625 4856 2724 4913 ex
2787 4827 3066 4914 intimo
3134 4832 3366 4917 corde

719 4987 1298 5096 depromptam,
1344 4986 1427 5072 in
1472 4986 1824 5072 omnium
1890 4987 2347 5072 caelestium
2412 4986 2849 5098 gratiarum
2913 4990 3377 5101 auspicium,

719 5144 1052 5257 singulis
1117 5146 1501 5232 universis
1536 5213 1556 5252 ,
1625 5155 1706 5233 et
1781 5147 2200 5259 praecipue
2290 5149 2386 5235 iis
2474 5149 2609 5259 qui
2694 5149 2778 5233 in
2865 5151 3390 5242 tribulatione

716 5311 1149 5407 versantur,
1218 5306 1596 5418 novisque
1661 5307 2061 5418 operariis,
2132 5309 2268 5418 qui
2334 5313 2433 5395 ad
2495 5309 2835 5394 iacturas
2902 5318 3396 5423 reparandas
