4497 6714
3217 811 3318 887 39

818 987 1276 1074 delectatur.
1347 989 1551 1093 Quin
1613 989 1771 1076 imo
1836 994 1934 1074 ad
1997 990 2399 1077 Ecclesiae
2475 994 2723 1076 decus
2798 988 3193 1101 pertinere
3259 988 3468 1074 arbi-

816 1154 1137 1253 tramur,
1207 1151 1417 1260 quod
1479 1150 1561 1234 in
1626 1150 2159 1236 ecclesiastico
2225 1149 2584 1261 ephebcc
2649 1150 2838 1234 fiant
2904 1149 3285 1235 eiusmodi
3331 1177 3468 1234 ex-

810 1310 1288 1437 plorationes
1334 1341 1534 1422 quae
1580 1312 2189 1423 geodynamicae
2233 1319 2635 1414 vocantur,
2672 1318 3190 1422 spectantque
3235 1308 3470 1395 simul

815 1472 912 1552 ad
975 1470 1410 1581 pleniorem
1472 1501 1736 1558 rerum
1800 1470 2300 1583 physicarum
2366 1470 2853 1581 agnitionem
2918 1478 2999 1557 et
3064 1473 3164 1555 ad
3226 1469 3467 1554 ratio-

812 1658 953 1715 nes
1015 1630 1399 1716 ineundas
1464 1632 1689 1742 queis
1754 1632 1998 1717 tutior
2062 1661 2234 1718 esse
2299 1631 2546 1742 possit
2609 1630 2926 1742 publica
2991 1630 3280 1716 civium
3343 1630 3466 1714 in-

814 1791 1249 1878 columitas.
1318 1795 1529 1878 Dum
1594 1794 1861 1904 itaque
1921 1797 2019 1879 ob
2068 1822 2200 1878 eas
2243 1823 2370 1879 res
2416 1792 2777 1878 meritam
2834 1791 3255 1876 tribuimus
3321 1791 3466 1876 tibi

809 1950 1145 2055 laudem,
1216 1961 1296 2038 et
1359 1954 1455 2038 iis
1522 1954 1656 2062 qui
1740 1962 1819 2038 te
1886 1982 2034 2065 ope
2100 1983 2241 2038 sua
2306 1951 2788 2061 consilioque
2853 1952 3242 2053 iuvarunt‚
3324 1980 3464 2061 pe-

807 2112 1046 2197 timus
1110 2145 1157 2198 a
1220 2114 1416 2217 Dec,
1484 2122 1573 2199 ut
1619 2143 1837 2224 epm,
1876 2117 2085 2224 quod
2150 2142 2235 2197 es
2302 2113 2773 2224 auspicatUS,
2834 2142 2968 2199 eos
3011 2113 3263 2224 pariat
3306 2113 3463 2197 uti·-

806 2270 1048 2356 litatis
1111 2275 1449 2377 fructUS,
1487 2302 1684 2384 quos
1749 2272 2228 2384 cogitatione
2297 2281 2377 2357 et
2443 2302 2579 2382 spe
2642 2272 3135 2384 praecepisti,
3201 2274 3463 2358 foveat

805 2438 1253 2541 augeatque
1317 2434 1397 2517 in
1465 2433 1674 2519 clero
1763 2433 1890 2518 cui
1971 2462 2246 2544 praees
2336 2433 2841 2519 scientiarum
2927 2462 3299 2536 amorem,
3380 2440 3460 2519 et

806 2593 1378 2678 observantiam
1457 2593 1867 2679 hominum
1945 2595 2350 2680 Ecclesiae
2430 2595 2910 2680 administris
2974 2594 3227 2705 magis
3292 2623 3459 2678 ma-

805 2750 1088 2861 gisque
1155 2753 1543 2838 conciliet.
1591 2755 1686 2837 In
1731 2752 2166 2864 auspicium
2212 2753 2529 2839 interim
2593 2754 2900 2840 divinae
2942 2752 3462 2864 benignitatis

803 2911 1336 3023 Apostolicam
1402 2915 2052 3001 Benedictionem
2138 2915 2321 3019 tibi,
2389 2917 2581 3002 Ven.
2652 2918 2953 3019 Frater,
3039 2913 3460 3026 praedictis

805 3074 1215 3160 Seminarii
1282 3078 1927 3182 moderatoribuS,
1992 3078 2632 3189 praeceptoribus
2719 3084 2799 3162 et
2883 3076 3244 3178 alumnis,
3311 3103 3459 3160 nec

804 3260 962 3318 non
1028 3235 1335 3345 reliquo
1401 3238 1611 3322 clero
1677 3244 1756 3322 ct
1821 3236 2181 3321 fidelibus
2245 3243 2429 3321 tuae
2485 3234 2941 3345 vigilantiae
2987 3234 3459 3321 concreditis

803 3404 1302 3505 peramanter
1364 3397 1879 3507 impertimus,

988 3557 1283 3641 Datum
1346 3560 1646 3643 Romae
1714 3561 1921 3669 apud
1977 3557 2052 3644 S.
2101 3559 2428 3642 Petrum
2495 3556 2621 3640 die
2693 3557 2805 3640 26
2876 3555 3137 3639 Martii
3192 3554 3454 3656 1884,

802 3716 1317 3802 Pontificatus
1381 3718 1647 3802 Nostri
1712 3746 1915 3803 anno
1981 3717 2340 3828 septimo.

1763 4037 1965 4122 LEO
2030 4038 2189 4120 ΡΡ.
2262 4036 2493 4120 XIII.
