4497 6714
3154 852 3309 928 :215

967 1032 1520 1117 opportunitatem
1588 1029 1886 1115 praeberi
1947 1030 2290 1116 latumque
2352 1016 2657 1115 campum
2721 1037 2949 1113 patere
2998 1026 3297 1092 omnibus

967 1155 1362 1222 Germaniae
1411 1156 1763 1238 catholicis,
1830 1158 1894 1222 in
1943 1179 2070 1243 quo
2141 1179 2365 1221 eorum
2433 1156 2757 1221 industria
2826 1156 2890 1220 in
2962 1154 3294 1238 religionis

965 1280 1328 1346 rationibus
1376 1279 1804 1345 defendendis
1854 1292 1920 1346 et
1976 1281 2436 1365 promovendis
2510 1291 2840 1346 exeratur.
2901 1319 2982 1329 —-
3034 1280 3301 1346 Minime

967 1405 1261 1491 ambigit,
1288 1419 1703 1491 conventum,
1754 1430 1950 1493 quem
1998 1408 2391 1473 celebraturi
2429 1417 2603 1489 sunt,
2640 1428 2946 1491 magnam
2978 1406 3301 1473 bonorum

968 1541 1258 1615 segetem
1303 1530 1675 1596 allaturum.
1728 1571 1807 1580 —-
1859 1532 2052 1596 Hanc
2098 1532 2408 1597 fiduciam
2461 1534 2742 1597 maxime
2778 1533 2979 1596 sumit
3024 1531 3108 1595 ab
3157 1532 3303 1597 exi-

965 1656 1094 1719 mia
1140 1657 1400 1741 pietate,
1453 1678 1586 1742 qua
1632 1654 1919 1741 Virginis
1954 1633 2396 1742 Deiparentis,
2448 1679 2620 1742 quae
2666 1658 2731 1721 in
2783 1657 3094 1740 religiosa
3136 1655 3301 1721 aede

968 1802 1173 1866 prope
1192 1780 1643 1865 Ambergense
1690 1780 2005 1866 oppidum
2053 1781 2310 1865 colitur,
2377 1792 2613 1865 potens
2655 1781 3060 1866 praesidium
3106 1803 3301 1866 pecu-

968 1904 1111 1969 liari
1160 1906 1656 1991 supplicatione,
1683 1907 1768 1971 ad
1815 1906 2075 1972 felicem
2120 1906 2417 1971 laborum
2471 1906 2745 1983 exitum,
2795 1907 3147 1992 implorare
3194 1907 3303 1972 de-

970 2033 3488 2100 creverunt................PAG.116

792 2283 1086 2348 Litterae
1134 2282 1555 2368 Apostolicae
1605 2283 1729 2350 sub
1777 2284 1974 2349 anulo
2024 2283 2393 2349 Piscatosrs
2449 2312 2479 2343 α
2529 2283 2759 2349 Studio
2793 2294 2849 2347 et
2878 2284 3225 2370 viqilantia
3274 2311 3306 2342 x·

972 2408 1079 2474 die
1126 2411 1211 2475 26
1266 2408 1598 2495 Augustir,
1647 2410 1885 2496 quibus
1934 2413 2000 2475 in
2046 2410 2378 2476 nonnullis
2449 2411 2792 2476 Indiarum
2864 2410 3303 2477 Orientalium

973 2533 1419 2600 Vieariatibus
1469 2535 2030 2600 extraordinariae
2078 2535 2512 2623 iurisdictioni
2548 2535 3050 2622 Archiepiscopi
3099 2536 3312 2602 Goani

970 2660 1606 2746 finisimponitur.
1705 2710 1720 2726 .
1819 2715 1830 2725 .
1929 2713 1942 2727 .
2042 2714 2052 2725 .
2151 2714 2165 2727 .
2264 2713 2279 2728 .
2374 2714 2386 2726 .
2486 2716 2499 2728 .
2597 2715 2610 2729 .
2709 2714 2722 2728 .
2822 2716 2834 2728 .
2936 2715 2949 2729 .
3049 2714 3063 2727 .
3160 2710 3175 2727 .
3273 2662 3484 2727 »119

794 2910 1094 2996 Epistola
1140 2911 1504 2997 Encyclica
1557 2940 1588 2971 <1
1640 2912 1992 3001 Superiora
2039 2936 2209 2979 anno
2248 2938 2280 2971 ›>
2332 2914 2439 2979 die
2508 2915 2594 2979 30
2653 2914 2963 2999 Augusti.
3016 2955 3097 2964 —
3145 2914 3312 2980 Insi-

972 3036 1127 3101 dere
1174 3059 1412 3102 causas
1460 3037 1777 3121 declarat,
1842 3037 1924 3102 ob
1994 3060 2161 3123 quas
2231 3060 2404 3104 anno
2463 3040 2798 3124 superiore
2869 3039 3185 3121 decrevit,
3237 3048 3311 3103 ut

975 3164 1043 3227 in
1091 3162 1392 3227 omnibus
1441 3161 1740 3228 catholici
1788 3163 1963 3227 orbis
2012 3163 2354 3248 partibus,
2427 3164 2511 3228 ad
2573 3164 2866 3230 caeleste
2921 3163 3319 3249 praesidium

974 3285 1300 3351 laboranti
1349 3286 1690 3352 Ecclesiae
1736 3288 2243 3373 impetrandum,
2298 3310 2536 3374 magna
2583 3288 2710 3353 Dei
2769 3290 2987 3353 Mater
3043 3290 3316 3353 sanctis-

984 3413 1144 3476 simo
1194 3412 1448 3476 Rosarii
1493 3414 1644 3495 ritu,
1694 3412 1946 3478 octobri
1994 3423 2147 3498 toto,
2182 3414 2526 3481 coleretur.
2561 3454 2631 3464 —
2672 3415 3095 3501 Quapropter
3125 3416 3319 3481 officii

994 3535 1111 3601 Sui
1143 3536 1325 3601 ducit
1371 3537 1494 3602 hoc
1541 3560 1806 3624 quoque
1853 3561 2022 3604 anno
2071 3539 2316 3604 hortari
2365 3541 2637 3627 populos
2685 3539 3100 3621 christianoS‚
3135 3549 3208 3605 ut
3256 3541 3320 3604 in

982 3663 1357 3729 huiusmodi
1403 3665 1716 3750 precandi
1765 3668 2037 3749 ratione,
2088 3691 2258 3754 quae
2308 3670 2666 3734 Rosam-ium
2713 3669 2999 3733 Mariale
3054 3668 3317 3752 dicitur,

976 3798 1480 3873 perseverantes
1529 3789 1651 3854 sibi
1699 3790 1993 3855 validum
2038 3792 2373 3876 Deiparae
2407 3791 2697 3877 Virginis
2724 3795 3162 3878 patrocinium
3211 3793 3316 3859 de·

982 3924 1380 3979 mereantur.
1435 3954 1516 3963 —
1566 3913 1871 3980 Caeleste
1918 3916 2239 3981 auxilium
2290 3927 2356 3982 et
2401 3918 2641 3983 collata
2687 3941 2726 3982 a
2773 3918 2915 3983 Deo
2980 3918 3318 4002 beneficia,

982 4042 1513 4122 perseverantiae
1563 4062 1761 4125 saepe
1810 4064 1953 4106 esse
2000 4041 2258 4106 fructus
2293 4042 2613 4128 exemplis
2647 4043 3039 4109 manifestat.
3079 4083 3159 4092 —-
3187 4043 3318 4110 Cu·

983 4162 1264 4228 randum
1314 4165 1565 4247 suadet,
1618 4175 1688 4230 ut
1735 4165 2053 4231 luctuosis
2102 4164 2286 4232 hisce
2335 4167 2678 4233 Ecclesiae
2727 4168 3131 4253 temporibus
3175 4191 3322 4233 san-

985 4288 1280 4353 ctissima
1329 4289 1584 4354 Rosarii
1633 4291 2043 4355 consuetudo
2094 4292 2387 4356 studiose
2437 4303 2776 4374 servetur,
2847 4315 2921 4358 co
2969 4296 3326 4380 praecipue

988 4412 1162 4495 quod
1209 4410 1580 4476 huiusmodi
1629 4436 1858 4498 preces
1909 4416 2193 4479 maxime
2273 4424 2426 4480 sunt
2494 4415 2578 4479 ad
2642 4415 2996 4479 fovendum
3059 4418 3322 4501 pietatis

990 4535 1288 4619 spiritum
1338 4548 1777 4622 comparatae.
1830 4577 1910 4586 —
1961 4538 2068 4603 Ad
2114 4538 2378 4604 Italiam
2428 4539 2605 4625 quod
2651 4543 2904 4623 attinet,
2954 4542 3326 4627 potentissi-

987 4682 1135 4726 mae
1184 4661 1471 4745 Virginis
1521 4663 1926 4748 praesidium
1971 4686 2147 4729 nunc
2195 4666 2589 4748 praesertim
2634 4687 2753 4750 per
2799 4667 3052 4732 Rosarii
3087 4689 3319 4752 preces

990 4785 1472 4870 implorandum
1521 4788 1872 4863 existimat,
1924 4811 2131 4873 quum
2176 4788 2430 4853 Asiana
2474 4789 2620 4854 lues
2675 4790 3022 4855 nonnullas
3092 4792 3323 4858 Italiae

992 4908 1290 4994 regiones
1317 4910 1707 4994 pervaserit.
1760 4950 1839 4959 —-
1891 4912 2066 4977 Hinc
2099 4915 2424 4998 praecipit
2454 4916 2712 4992 iterum,
2750 4926 2824 4981 ut
2862 4920 3115 5002 integro
3151 4941 3327 4984 men-

998 5056 1067 5098 se
1115 5032 1365 5098 octobri
1412 5035 1480 5100 in
1525 5035 1683 5100 orbe
1733 5035 2052 5101 catholico
2100 5039 2412 5103 universo
2479 5062 2668 5104 sacra
2724 5042 3040 5107 solemnia
3085 5043 3333 5109 Mariae

995 5159 1288 5244 Virginis
1358 5183 1398 5225 a
1445 5162 1718 5227 Rosario
1790 5165 2110 5248 peculiari
2182 5165 2400 5230 cultus
2481 5165 2830 5252 splendore
2887 5181 3188 5253 agantur.
3256 5209 3326 5221 —

995 5285 1452 5370 Indulgentias
1500 5287 1794 5373 largitur,
1844 5291 2325 5378 caelestemque
2375 5292 2727 5359 Patronam
2782 5306 3009 5379 rogat,
3060 5306 3151 5378 ut,
3218 5319 3334 5361 su-

1001 5406 1197 5473 blatis
1259 5410 1633 5494 opinionum
1697 5413 1980 5478 dissidiis
2044 5426 2110 5479 et
2167 5439 2237 5479 re
2288 5416 2649 5482 christiana
2694 5421 2759 5483 in
2810 5421 3112 5486 omnibus
3160 5422 3337 5487 orbis
