4497 6714
3216 819 3354 897 101

869 1030 1059 1088 nere
1123 1008 1205 1087 et
1268 1001 1678 1112 dignitate,
1776 1003 1914 1085 sed
1980 1000 2218 1085 etiam
2288 999 2573 1085 virtute
2637 999 3050 1110 primariiS,
3117 1030 3160 1086 e
3229 1001 3515 1110 quibus

872 1162 1137 1248 alteris
1180 1162 1450 1247 lumen
1505 1159 1701 1244 illud
1765 1159 2202 1244 sanctitatis
2247 1158 2634 1269 Iosephus
2679 1159 3213 1244 Oalasanctius
3258 1159 3518 1246 excel-

869 1324 985 1408 lit.
1052 1324 1210 1410 Vos
1254 1330 1544 1425 autem,
1611 1322 1913 1432 antiqui
1978 1321 2284 1407 decoris
2340 1321 2955 1431 disciplinaeque
3019 1350 3177 1406 non
3240 1320 3518 1405 imme-

871 1512 1153 1587 moreS,
1188 1484 1267 1568 id
1328 1484 1556 1569 valde
1622 1485 1936 1569 studere
2002 1483 2385 1584 novimuS,
2430 1489 2522 1567 ut
2585 1482 2667 1566 in
2733 1484 2950 1582 aede,
3028 1511 3228 1592 quae
3293 1486 3521 1567 sedes

875 1650 996 1729 est
1059 1643 1396 1729 sodalitii
1441 1642 1682 1729 vestri
1745 1641 1996 1728 honos
2052 1642 2477 1728 Francisco
2542 1641 2911 1752 religiose
2957 1672 3003 1725 a
3044 1642 3333 1753 populo
3374 1640 3519 1726 ha-

874 1806 1178 1907 beatur,
1245 1803 1593 1914 itemque
1626 1811 1723 1919 ut
1782 1802 2034 1888 officia
2097 1833 2319 1888 sacra
2363 1810 2574 1888 caste
2639 1810 3067 1913 sancteque
3131 1778 3342 1905 fiant,
3377 1830 3524 1887 nec

878 1963 1280 2074 quippiam
1344 1993 1442 2049 ex
1507 1962 1601 2047 iis
1667 1964 1905 2048 rebus
1949 1963 2464 2051 desideretur.
2549 1991 2751 2072 quae
2817 1963 3201 2073 privatam
3265 1960 3524 2072 publi-

880 2152 1208 2233 camque
1274 2122 1651 2234 pietatem
1720 2122 1929 2208 alere
2017 2130 2254 2233 atque
2321 2123 2647 2209 incitare
2738 2129 3336 2208 consueverunt.
3403 2120 3528 2206 Ad

878 2282 1047 2386 haS,
1116 2311 1316 2392 quae
1351 2282 1606 2367 dictae
1673 2290 1879 2385 sunt,
1948 2312 2269 2368 caussae
2318 2287 2703 2393 quaedam
2768 2285 3174 2384 accedunt,
3246 2289 3334 2366 ut
3398 2310 3533 2367 no-

884 2443 1048 2547 stis,
1114 2441 1536 2527 familiares
1613 2449 1694 2527 et
1756 2443 2255 2546 domesticae,
2305 2444 2589 2554 quibus
2653 2443 2987 2530 efficitur
3051 2443 3131 2527 in
3204 2471 3365 2546 VOS,
3413 2441 3531 2525 di-

885 2602 1068 2687 lecti
1134 2601 1296 2703 filii,
1363 2602 1722 2687 voluntas
1788 2601 2075 2686 Nostra
2139 2603 2620 2713 propensior.
2700 2600 3151 2686 Familiaria
3216 2600 3535 2710 quidem

884 2765 1413 2865 recordamur,
1461 2791 1662 2872 quae
1730 2764 1829 2846 ad
1893 2762 2290 2848 naturales
2357 2763 2722 2847 caritates
2787 2762 3205 2873 pertinent,
3245 2792 3291 2845 a
3353 2789 3534 2872 pro-

888 2924 1142 3035 posito
1179 2930 1448 3009 tamen
1513 2923 1767 3009 aliena
1801 2923 2122 3009 minime
2188 2924 2576 3009 videntur.
2613 2924 3000 3009 Videlicet
3032 2924 3113 3008 in
3157 2924 3326 3034 ipsa
3390 2922 3540 3007 ista

891 3086 1083 3168 aede
1148 3113 1369 3168 sacra
1432 3082 1513 3166 in
1578 3111 1769 3193 pace
1806 3081 2099 3168 Christi
2168 3083 2737 3192 conquiescunt
2799 3083 3169 3169 revicturi
3235 3083 3539 3167 cineres

896 3245 1168 3328 Annae
1206 3242 1575 3353 Prosperi
1638 3243 1987 3353 parentis
2021 3244 2354 3329 Nostrae
2400 3244 3148 3329 desideratissimae:
3194 3243 3542 3353 itemque

895 3401 1215 3513 Iosephi
1279 3404 1514 3489 Pecci
1550 3404 1810 3513 patrui
1872 3404 2166 3516 magni,
2202 3403 2601 3489 Antistitis
2665 3404 2989 3507 Urbani,
3057 3404 3191 3514 qui
3258 3403 3544 3489 sodali-

898 3563 1044 3647 tati
1107 3569 1413 3648 vestrae
1477 3563 1767 3647 multos
1831 3593 2076 3649 annos
2160 3564 2540 3675 magister
2602 3565 2963 3676 praefuit.
3041 3567 3345 3648 Harum
3410 3592 3549 3649 vos

901 3753 1167 3809 rerum
1236 3722 1715 3832 cogitatione
1779 3722 2162 3832 permoti,
2234 3753 2547 3832 unaque
2613 3723 2848 3807 simul
2913 3724 3198 3808 amoris
3263 3731 3344 3809 et
3407 3725 3548 3807 ob-

904 3884 1159 3995 sequii
1224 3883 1470 3969 Nobis
1536 3883 1912 3968 indicium
1976 3884 2429 3995 praebituri,
2499 3885 2779 3969 cellam
2843 3885 3136 3970 Mariae
3203 3884 3551 3996 Virginis

908 4044 1475 4129 Iinmaculatae
1541 4042 1621 4126 in
1687 4043 1857 4130 iure
1922 4052 2001 4130 et
2065 4051 2454 4155 potestate
2489 4046 2777 4129 Nostra
2839 4044 3102 4155 paullo
3167 4051 3349 4129 ante
3414 4045 3552 4129 de-

909 4201 1263 4288 crevistis
1326 4203 1695 4288 futuram.
1758 4201 1980 4306 Quod
2045 4233 2231 4288 sane
2298 4203 2543 4289 Nobis
2609 4203 2892 4288 accidit
2953 4202 3550 4314 periucundum,

911 4389 1162 4470 eoque
1228 4361 1540 4445 nomine
1607 4368 1923 4472 gratum
1988 4361 2336 4446 animum
2392 4363 2792 4465 Nostrum,
2858 4361 3080 4447 vobis
3144 4360 3551 4464 universiS,

910 4520 1064 4607 hoc
1127 4521 1298 4606 loco
1362 4521 1841 4631 profitemur.
1909 4520 2149 4605 Istius
2246 4530 2512 4607 autem
2598 4522 3048 4632 praeclarae
3129 4520 3555 4607 voluntatis

915 4689 1221 4767 vestrae
1288 4711 1800 4792 permansura
1853 4682 1933 4764 in
1998 4684 2228 4767 domo
2263 4682 2551 4767 Nostra
2612 4683 2992 4770 memoria
3056 4689 3177 4767 est
3230 4687 3311 4766 et
3375 4710 3556 4792 gra-

914 4842 1047 4946 tia,
1083 4849 1501 4953 propterea
1569 4844 1775 4952 quod
1841 4841 2057 4927 illam
2098 4843 2350 4953 ipsam
2415 4843 2762 4955 Virginis
2828 4843 3267 4929 aediculam
3330 4843 3409 4926 in
3445 4842 3557 4926 al-

918 5010 1172 5089 terum
1240 5033 1338 5089 ex
1400 5002 1820 5114 nepotibus
1868 5002 2176 5087 Nostris
2250 5009 2765 5114 posterosque
2830 5003 3000 5090 eius
3063 5003 3232 5090 iure
3297 5011 3559 5113 patro-

904 5147 1150 5249 natus
1214 5164 1780 5267 transtulimuS,
1817 5162 2054 5273 idque
2103 5191 2196 5249 eo
2250 5162 2574 5248 consilio
2638 5163 2992 5267 fecimuS,
3058 5172 3149 5249 ut
3211 5162 3326 5247 illi
3389 5193 3558 5247 ma-

920 5323 1046 5436 gis
1108 5323 1520 5434 magisque
1585 5325 1684 5408 ad
1743 5323 2114 5409 virtutem
2179 5324 2518 5434 pietatis,
2589 5327 2689 5410 ad
2752 5354 3098 5411 amorem
3163 5326 3561 5412 Francisci
