4497 6714
1231 770 1338 847 44

1086 952 1473 1037 contraria
1535 951 1617 1035 in
1682 951 1939 1035 studia
2023 952 2508 1045 abeuntium,
2598 956 2826 1035 acute
2909 948 3104 1034 vidit
3168 946 3735 1056 descripsitque

1082 1110 1602 1222 AugustinuS,
1670 1119 1750 1197 et
1814 1111 2228 1223 utriusque
2297 1112 2768 1198 efficientem
2833 1138 3189 1195 caussam
3245 1106 3514 1192 subtili
3554 1108 3738 1192 bre-

1084 1270 1325 1357 vitate
1392 1272 1845 1383 complexus
1931 1279 2074 1377 est,
2171 1273 2269 1358 iis
2356 1272 2652 1358 verbis:
2702 1272 3059 1384 fecerunt
3139 1275 3464 1356 cae‘m'taz‘es
3522 1274 3741 1355 duas

1084 1462 1371 1518 autores
1434 1438 1618 1520 duo:
1682 1441 2050 1521 terrenam
2113 1442 2386 1521 scilicet
2424 1465 2634 1520 amor
2675 1441 2800 1520 sui
2836 1465 3064 1545 usquc
3118 1436 3226 1517 ad
3264 1437 3739 1544 contemptum

1097 1596 1277 1678 Dei:
1340 1598 1711 1679 caelestem
1758 1625 1925 1680 vcro
1971 1625 2180 1681 amor
2226 1599 2376 1680 Dm·
2411 1627 2642 1706 usque
2686 1600 2793 1679 acl
2830 1599 3307 1705 contemptum
3369 1599 3496 1678 sui
3522 1580 3573 1672 ¹.
3621 1640 3741 1653 —

1086 1750 1319 1835 Vario
1384 1781 1474 1835 ac
1541 1751 1957 1863 multiplici
2026 1783 2205 1838 cum
2271 1782 2664 1838 armorum
2754 1759 2923 1835 tum
3011 1749 3533 1835 dimicationis
3597 1777 3739 1859 ge-

1086 1938 1274 1995 nere
1339 1911 1586 1996 altera
1655 1913 2027 1995 adversus
2073 1912 2401 1996 alteram
2446 1910 2657 1996 omni
2704 1910 3195 1996 saeculorum
3241 1917 3500 1995 aetate
3557 1937 3742 1993 con-

1087 2069 1307 2172 flixit,
1376 2099 1853 2180 quamquam
1920 2100 2077 2155 non
2122 2074 2402 2157 eodem
2447 2099 2756 2182 semper
2800 2074 3074 2155 ardore
3136 2078 3370 2179 atque
3416 2071 3740 2180 impetu.

1089 2230 1265 2315 Hoc
1329 2238 1594 2315 autem
1659 2239 2036 2341 tempore,
2105 2232 2239 2342 qui
2306 2232 2828 2317 deterioribus
2895 2233 3162 2316 favent
3224 2230 3580 2340 partibus
3624 2228 3741 2315 vi-

1089 2393 1375 2476 dentur
1441 2392 1673 2477 simul
1756 2394 2199 2503 conspirare
2289 2392 3139 2503 vehementissimeque
3229 2392 3491 2478 cuncti
3558 2421 3743 2478 con-

1089 2553 1439 2651 tendere,
1508 2560 1828 2638 auctore
1900 2560 1980 2639 et
2044 2553 2424 2638 adiutrice
2492 2582 2608 2654 ea,
2675 2582 2913 2663 quam
2978 2558 3411 2639 Massonum
3476 2550 3744 2662 appel-

1094 2707 1283 2813 lant,
1352 2709 1590 2821 longe
1656 2710 1972 2821 lateque
2020 2713 2304 2796 diffusa
2352 2721 2431 2798 et
2472 2711 2800 2795 firmiter
2866 2710 3292 2795 constituta
3335 2709 3745 2795 hominum

1089 2868 1489 2955 societate.
1560 2869 1778 2955 Nihil
1846 2872 2056 2956 enim
2122 2872 2278 2955 iam
2344 2872 2926 2957 dissimulantes
2996 2871 3321 2955 consilia
3377 2901 3541 2973 sua,
3611 2900 3747 2956 ex-

1091 3030 1336 3115 citant
1401 3060 1572 3117 sese
1640 3035 2013 3117 adversus
2101 3033 2252 3117 Dei
2320 3062 2613 3117 numen
2679 3031 3254 3116 audacissime:
3340 3031 3745 3117 Ecclesiae

1086 3198 1403 3276 sanctae
1468 3191 1898 3302 perniciem
1963 3191 2222 3301 palam
2299 3198 2728 3302 aperteque
2806 3191 3260 3293 moliuntur,
3349 3191 3586 3301 idque
3653 3218 3746 3276 eo

1088 3351 1510 3462 proposito,
1576 3362 1667 3439 ut
1711 3363 1996 3465 gentes
2044 3353 2510 3440 christianas
2554 3355 2797 3467 partis
2841 3385 2982 3467 per
3026 3356 3295 3440 Iesum
3340 3351 3744 3439 Christum

1091 3512 1584 3600 Servatorem
1669 3516 2072 3601 beneficiis
2110 3582 2129 3619 ,
2208 3516 2275 3601 si
2361 3516 2530 3602 fieri
2617 3524 2938 3627 posset,
3036 3515 3388 3600 funditus
3464 3517 3745 3625 despo-

1095 3672 1311 3757 lient.
1379 3721 1502 3739 —
1568 3675 1868 3778 Quibus
1934 3677 2096 3761 Nos
2143 3675 2758 3787 ingemiscentes
2806 3674 3054 3800 malis,
3122 3674 3317 3758 illud
3370 3701 3603 3784 saepe
3648 3676 3747 3757 ad

1093 3833 1355 3917 Deum
1419 3834 1779 3939 clamare,
1867 3846 2205 3947 urgente
2295 3837 2644 3921 animum
2723 3837 3071 3938 caritate,
3161 3833 3744 3944 compellimur:

1092 3995 1280 4077 Ecce
1359 4002 1636 4080 inituim·
1714 4003 1830 4081 lui
1897 4006 2325 4101 sonuerunt,
2406 4006 2476 4085 ct
2549 4006 2683 4111 qui
2759 4004 3114 4112 oderunt
3155 4003 3244 4098 te,
3332 3999 3754 4081 extulerunt

1099 4160 1343 4265 caput.
1408 4156 1653 4268 Super
1700 4162 2059 4270 populum
2124 4165 2327 4245 tuum
2389 4164 2987 4270 malvynavermet
3038 4162 3457 4244 consilium:
3520 4162 3590 4241 et
3626 4186 3743 4241 co-

1083 4318 1515 4422 yz'z‘averunt
1572 4321 1931 4402 adversus
1994 4324 2289 4404 armet-‘os
2335 4325 2520 4405 tuos,
2571 4324 2986 4405 lym-unt.-
3048 4324 3298 4420 vem‘tc,
3345 4324 3416 4402 et
3454 4323 3743 4430 (hisper-

1094 4483 1360 4567 damus
1423 4506 1541 4562 eos
1604 4482 1691 4563 de
1748 4485 1961 4589 yentc
2001 4469 2057 4560 ².

1277 4637 1373 4718 In
1437 4642 1600 4720 tam
1684 4637 2079 4746 praesenti
2165 4638 2642 4743 discrimine,
2742 4639 2823 4723 in
2920 4646 3082 4724 tam
3179 4638 3502 4724 immani
3565 4666 3744 4749 per·-

1089 4793 1485 4903 tinacique
1552 4791 1955 4879 christiani
2045 4796 2382 4882 nominis
2471 4797 3082 4909 oppugnatione,
3179 4798 3547 4883 Nostrum
3627 4803 3748 4881 est

1258 5180 1275 5225 ¹
1328 5180 1427 5244 De
1480 5183 1671 5247 Civit.
1722 5181 1852 5246 Dei
1897 5177 2043 5247 Lib.
2094 5204 2235 5266 x1v,
2288 5206 2344 5249 c.
2398 5185 2502 5248 17.

1250 5305 1279 5348 2
1326 5305 1437 5370 Ps.
1484 5325 1745 5386 Lxxxn,
1794 5327 1855 5369 v,
1908 5306 2055 5368 2-4.
