4497 6714
1320 786 1478 862 22o

1332 986 1461 1048 que
1508 967 1575 1027 in
1623 978 1957 1050 posterum
2005 968 2391 1051 profuturus
2440 971 2526 1034 sit
2569 969 2953 1033 nominatim
3001 970 3356 1053 Hispanis,
3404 969 3471 1031 in
3519 968 3658 1052 qui-

1327 1087 1454 1153 bus
1514 1089 1917 1156 Themistica
1977 1091 2472 1178 philosophandi
2530 1095 2692 1158 ratio
2758 1103 3116 1159 sectatores
3180 1094 3547 1178 ingeniosos
3596 1101 3661 1157 et
3764 1172 3775 1182 ι

1328 1213 1557 1282 doctos
1604 1220 1776 1282 omni
1808 1229 2097 1305 tempore
2143 1222 2413 1287 invenit.
2454 1261 2534 1270 —
2569 1222 2920 1306 Permagni
2965 1222 3050 1286 ad
3083 1222 3488 1287 incrementa
3525 1229 3659 1286 stu·

1327 1340 1588 1408 diorum
1649 1346 2042 1430 optimorum
2101 1347 2431 1434 simulque
2477 1347 2561 1412 ad
2623 1347 2902 1412 salutem
2963 1347 3298 1433 publicam
3341 1350 3663 1413 interesse

1326 1477 1546 1552 putat,
1597 1468 1914 1535 Thomam
1962 1470 2364 1558 Aquinatem
2410 1474 2475 1537 in
2522 1473 2871 1559 pristinum
2904 1472 3164 1539 honoris
3213 1483 3280 1537 et
3326 1472 3660 1557 dignitatis

1322 1595 1604 1678 gradum
1649 1598 1923 1661 restitui.
1977 1637 2058 1646 —
2107 1599 2376 1665 Laudes
2437 1598 2650 1664 defert
2705 1599 3080 1665 Alexandro
3146 1597 3334 1662 Pidal
3381 1621 3427 1683 y
3475 1598 3654 1683 Mon,

1327 1720 1504 1806 quod
1550 1722 1722 1787 vires
1767 1723 2010 1808 ingenii
2057 1724 2122 1788 in
2170 1734 2556 1809 argumento
2605 1734 2741 1789 tam
2784 1724 2987 1790 nobili
3035 1746 3349 1791 exercere
3396 1732 3660 1788 conten-

1329 1846 1518 1912 derit.
1571 1888 1652 1897 --
1702 1849 2013 1915 Stimulos
2061 1850 2306 1932 adiicit,
2341 1860 2416 1915 ut
2462 1873 2632 1938 quae
2678 1850 2764 1915 ad
2795 1850 3061 1916 laudem
3107 1850 3368 1915 virtutis
3415 1848 3663 1914 doctri-

1322 1995 1580 2059 naeque
1627 1963 2023 2042 christianae
2066 1978 2418 2061 pertinent,
2453 1999 2533 2041 ea
2577 1999 2693 2063 pro
2742 1977 2991 2042 viribus
3037 1976 3277 2061 iugiter
3322 1985 3660 2061 praestare

1250 2108 1253 2113 ’
1329 2101 1585 2188 sibique
1630 2103 1699 2166 in
1745 2101 2092 2166 scribendo
2138 2123 2504 2188 proponere
2551 2111 2785 2189 pergat
2835 2152 3404 2168 ......
3498 2100 3662 2167 PAG.
3717 2099 3841 2164 196

1150 2298 1450 2385 Epistola
1500 2328 1531 2361 α
1563 2300 1845 2365 Litteras
1878 2300 2146 2387 leyentes
2183 2329 2216 2362 »
2267 2300 2374 2365 die
2415 2302 2495 2365 18
2529 2298 2921 2366 Decembris
2969 2298 3054 2363 ad
3086 2299 3495 2384 Episcopum
3540 2298 3667 2363 Ba-

1329 2426 1699 2492 silcensem.
1751 2464 1831 2474 —
1883 2429 1983 2491 Ex
2039 2425 2278 2491 litteris
2327 2424 2411 2490 ab
2459 2448 2535 2490 eo
2599 2425 2771 2489 datis
2828 2426 3249 2510 perspexisse
3313 2423 3667 2510 respondet

1330 2552 1808 2619 sacerdotalem
1854 2553 2168 2637 animum,
2217 2575 2347 2639 quo
2395 2553 2667 2619 illustris
2715 2551 3033 2633 AntisteS,
3081 2550 3427 2635 religiosae
3483 2552 3664 2637 pacis

1320 2680 1787 2745 instaurandae
1814 2703 2072 2764 caussa,
2106 2703 2146 2745 a
2178 2703 2338 2745 suae
2390 2680 2790 2745 Basileensis
2826 2679 2999 2745 sedis
3050 2680 3512 2764 procuratione
3559 2702 3658 2746 re·

1324 2806 1519 2872 cedit.
1577 2845 1657 2855 —
1706 2806 1888 2871 Dum
1934 2829 2019 2871 ex
2068 2828 2200 2870 una
2247 2814 2436 2890 parte
2500 2803 2878 2870 huiusmodi
2942 2804 3390 2870 dimissionem
3451 2814 3664 2869 ratam

1331 2931 1548 3015 habet,
1598 2954 1683 2996 ex
1730 2931 1942 2996 altera
2005 2953 2215 3018 aequo
2264 2930 2478 2997 animo
2537 2930 2706 2994 ferre
2755 2952 2883 2996 non
2930 2939 3166 3016 potest,
3215 2940 3288 2994 ut
3341 2928 3666 2994 catholica

1333 3057 1637 3123 Ecclesia
1660 3059 1728 3122 in
1776 3058 2124 3124 Helvetica
2162 3058 2424 3143 regione
2470 3057 2644 3122 illius
2678 3079 2880 3143 opera
2911 3067 2976 3123 et
3029 3057 3168 3122 zelo
3225 3058 3542 3143 privetur.
3583 3097 3663 3106 —

1328 3183 1773 3266 Quamobrem
1804 3207 2050 3249 novum
2077 3187 2134 3250 ei
2165 3206 2403 3249 munus
2453 3183 2827 3269 demandat,
2871 3194 2943 3249 ut
2974 3184 3339 3269 Apostolici
3365 3184 3659 3250 Admini-

1324 3314 1622 3380 stratoris
1670 3313 1859 3379 titulo
1907 3335 1987 3378 ac
2032 3312 2171 3378 iure
2219 3310 2527 3378 fidelibus
2565 3311 2728 3397 Pagi
2775 3310 3144 3378 Ticinensis
3193 3313 3497 3397 regendis
3541 3336 3661 3380 cu·

1325 3460 1433 3503 ras
1479 3439 1836 3524 impendat.
1889 3477 1969 3487 —
2020 3439 2161 3515 Quo
2224 3437 2560 3524 peculiare
2606 3460 2685 3501 ac
2732 3439 3040 3503 meritum
3085 3440 3144 3504 ei
3193 3440 3432 3525 pignus
3482 3440 3656 3507 Suae

1322 3561 1820 3628 benevolentiae
1851 3562 2188 3649 praebeat,
2224 3563 2460 3647 ipsum,
2489 3564 2556 3628 in
2588 3563 2883 3628 ordinem
2905 3564 3297 3630 Pontificum
3330 3564 3664 3631 Maiorum

1324 3697 1722 3773 cooptatum,
1763 3688 2212 3755 Damiatensis
2247 3688 2592 3753 Ecclesiae
2641 3689 2828 3755 titulo
2870 3704 2934 3754 et
2965 3689 3155 3754 Pallii
3189 3690 3660 3775 Archiepisco-

1318 3813 1485 3899 palis
1512 3813 1774 3896 honore,
1809 3812 2125 3899 singulari
2152 3813 2515 3899 privilegiO,
2553 3814 2949 3879 condecorat
2980 3814 3065 3879 ad
3089 3816 3428 3899 proprium
3454 3825 3520 3880 et
3550 3837 3660 3901 pe-

1316 3940 1565 4006 culiare
1591 3943 1983 4008 eximiarum
2029 3944 2355 4007 virtutum
2383 3943 2525 4006 eius
2558 3950 3017 4007 ornamentum
3049 3949 3114 4005 et
3145 3943 3528 4027 praemium.
3624 3970 3657 4002 »
3712 3941 3836 4006 198

1141 4155 1435 4221 Litterae
1466 4155 1885 4241 Apostolicae
1919 4154 2042 4221 sub
2069 4157 2263 4221 anulo
2283 4154 2638 4220 Piscatoris
2677 4155 2856 4219 «Per
2899 4155 3309 4220 Venerabiles
3330 4156 3600 4221 Fratres
3623 4183 3655 4215 »

1318 4280 1424 4345 die
1496 4280 1578 4344 19
1642 4279 2068 4356 Decembris;
2138 4280 2381 4366 quibus
2442 4280 2782 4345 Prioratus
2847 4278 3317 4344 Monachorum
3391 4279 3656 4346 Ordinis

1316 4405 1386 4471 S.
1434 4406 1776 4471 Benedicti
1825 4404 2369 4491 Congregationis
2418 4406 2866 4488 CassinensiS,
2917 4405 2983 4469 in
3031 4405 3442 4471 Novarcensi
3491 4409 3657 4472 Foe-

1314 4531 1696 4597 deratarum
1744 4532 2089 4596 Americae
2137 4532 2482 4597 Ditionum
2524 4532 2851 4615 Dioecesi,
2901 4555 2940 4596 a
2988 4533 3233 4599 Sancta
3283 4532 3494 4596 Maria
3539 4553 3651 4596 no-

1317 4659 1603 4725 minatus
1649 4660 1717 4723 in
1765 4656 2121 4723 Abbatiam
2169 4660 2446 4744 erigitur
2504 4707 3521 4724 ..........
3620 4685 3651 4717 »
3703 4658 3828 4724 201

1139 4875 1422 4940 Litterae
1469 4874 1888 4961 Apostolicae
1935 4873 2060 4940 sub
2094 4874 2290 4941 anulo
2339 4875 2694 4940 Piscatoris
2747 4899 2779 4933 «
2809 4874 3182 4940 Honoribus
3229 4886 3288 4939 et
3319 4875 3654 4961 digynitati-

1312 4998 1429 5063 bus
1464 5025 1498 5058 ›>
1534 4997 1638 5062 die
1674 4998 1753 5062 19
1784 4998 2195 5080 Decembris;
2219 4998 2302 5062 de
2337 4997 2640 5064 Prioratu
2665 4997 3135 5062 Monachorum
3160 4994 3427 5062 Ordinis
3445 4997 3654 5063 &Be-

1312 5124 1553 5190 nedicti
1604 5123 2146 5210 Congregationis
2179 5122 2594 5190 cassinensis
2620 5147 2660 5188 a
2692 5124 2937 5190 Sancta
2972 5124 3185 5188 Maria
3215 5123 3653 5189 Auxiliatrice

1314 5249 1662 5334 appellatO,
1714 5259 1782 5314 et
1823 5251 1995 5315 intra
2041 5248 2406 5334 Apostolici
2445 5251 2811 5315 Vicariatus
2845 5247 3192 5314 Carolinae
3248 5249 3644 5334 Septentrio-

1315 5372 1483 5438 nalis
1529 5373 1766 5439 limites
1812 5374 2038 5458 posit0,
2086 5372 2154 5438 in
2206 5372 2561 5437 Abbatiam
2607 5373 2912 5458 erigendo
2946 5421 3512 5439 ......
3610 5401 3641 5433 »
3695 5373 3823 5437 204
