4497 6714
3106 800 3254 879 135

1698 1146 2451 1278 DECRETUM

1441 1663 1540 1717 DE
1606 1662 1850 1720 PARVO
1918 1662 2355 1719 TERRITORII
2431 1662 2726 1719 TRACTU

796 1821 1029 1875 INTER
1092 1821 1505 1880 DIOECESES
1574 1824 2138 1881 CREMONENSEM
2202 1826 2298 1881 ET
2365 1823 2844 1881 MANTUANAM
2908 1819 3365 1878 PARTIENDO.

768 3177 1163 3332 Romano
1226 3245 1593 3331 Pontifici
1659 3250 2188 3360 obsequentes
2255 3247 2597 3335 cuiusvis
2662 3248 2942 3335 aetatis
3027 3244 3421 3359 Episcopi,

773 3408 1164 3519 simulque
1230 3408 1488 3520 Ipsius
1553 3439 2001 3522 supremam
2067 3411 2538 3524 dignitatem
2602 3411 2682 3496 in
2747 3410 3194 3498 universam
3270 3411 3458 3495 Ec-‘

772 3569 1093 3656 clesiam
1177 3568 1551 3655 divinitus
1634 3571 2005 3656 traditam
2093 3578 2560 3659 venerantes
2595 3636 2614 3674 ,
2700 3569 3022 3682 quaevis
3108 3597 3428 3655 suarum

768 3730 1271 3817 Dioecesium
1340 3731 1721 3843 gravioris
1785 3733 2163 3819 momenti
2226 3731 2552 3844 negotia
2613 3733 2712 3816 ad
2774 3733 2982 3815 Eum
3025 3737 3429 3840 tamquam

772 3892 1240 3977 Antistitum
1304 3892 1753 4003 Principem
1833 3901 1913 3979 et
1995 3893 2470 4005 Magistrum
2535 3891 2990 3978 detulerunt
3069 3897 3149 3977 et
3212 3891 3429 3975 defe-

773 4061 979 4157 runt,
1045 4053 1125 4138 id
1192 4053 1496 4139 consilii
1563 4062 1987 4165 soquentes
2054 4057 2264 4164 quod
2309 4053 2563 4165 magis
2595 4053 2790 4138 Eius
2823 4050 3208 4138 voluntati
3242 4079 3426 4137 con-

773 4220 1233 4299 sentaneum
1302 4210 1819 4322 reperierunt3
1890 4212 1998 4297 ita
2064 4220 2173 4314 ut,
2242 4212 2441 4297 nihil
2506 4241 2855 4323 unquam
2918 4211 2997 4296 in
3065 4209 3429 4296 Dioecesi

774 4371 929 4457 iam
995 4376 1259 4458 erecta
1319 4371 1445 4458 vel
1511 4370 1997 4458 immutanda
2038 4373 2164 4460 vel
2200 4374 2488 4459 iterum
2534 4372 3242 4460 circumscribenda
3284 4400 3427 4483 ag-

773 4531 1028 4644 gressi
1123 4531 1280 4618 sint
1316 4597 1335 4636 ‚
1444 4532 1635 4643 quin
1729 4534 1946 4644 prius
2043 4534 2268 4621 Sedis
2371 4534 2870 4647 Apostolicae
2977 4530 3430 4644 rogaverint

773 4692 1270 4786 sententiam,
1339 4692 1886 4779 Africanorum
1971 4695 2539 4806 Episcoporum
2627 4694 3092 4805 obsequium
3177 4692 3428 4780 secuti

775 4851 1288 4939 scribentium
1384 4855 1482 4937 ad
1566 4853 2064 4940 Theodorum
2144 4854 2613 4940 Pontificem
2708 4852 3138 4937 Maximum
3203 4852 3427 4965 (Lab.

772 5013 992 5100 Tom.
1059 5042 1191 5116 vn,
1258 5013 1405 5098 col.
1487 5013 1751 5126 315):
1867 5050 1911 5090 «
1952 5013 2321 5124 Antiquis
2403 5013 2703 5124 regulis
2781 5013 3167 5099 sancitum
3253 5018 3428 5115 est,

774 5179 865 5259 ut
944 5173 1373 5283 quidquam
1439 5174 1794 5284 quamvis
1893 5173 1971 5258 in
2067 5174 2391 5261 remotis
2487 5176 2612 5259 vel
2689 5173 3140 5285 longinquis
3240 5200 3432 5283 age-

778 5344 997 5422 retur
1058 5336 1479 5447 provinciis
1517 5402 1536 5437 ‚
1604 5364 1760 5421 non
1826 5336 2043 5447 prius
2108 5338 2606 5420 tractandum
2672 5337 2797 5422 vel
2892 5335 3435 5446 accipiendum
