4497 6714
1154 644 1307 717 210

1159 824 1398 909 quibus
1432 824 1675 887 alumni
1710 826 1771 888 in
1800 848 1983 908 spem
2011 825 2351 890 Ecclesiae
2401 840 2895 893 succrescentes
2921 851 3045 892 non
3081 830 3268 894 inodo
3303 830 3493 896 bonis

1156 952 1408 1015 artibus
1458 962 1524 1017 et
1570 952 2031 1037 philosophicis
2098 956 2434 1039 sacrisque
2485 955 3344 1042 disciplinisinstituantur,
3378 958 3496 1023 sed

1156 1078 1351 1142 etiam
1384 1078 1805 1141 scientiarum
1839 1079 2239 1144 naturalium
2269 1081 2672 1146 incrementa
2705 1082 2945 1165 optime
2973 1081 3276 1147 calleant.
3329 1083 3493 1150 PAG.
3587 1085 3670 1148 38

975 1327 1276 1413 Epistola
1329 1356 1359 1387 «
1412 1326 1792 1413 Accepimus
1841 1352 1918 1392 ea:
1965 1331 2196 1395 litteris
2252 1359 2281 1389 »
2335 1332 2440 1396 die
2473 1338 2558 1399 3«)
2585 1333 2807 1397 Martii
2855 1333 2939 1397 ad
2989 1332 3493 1401 Constantinum

1151 1453 1477 1517 Pieracrts
1526 1453 1891 1526 Rectorem,
1942 1452 2381 1518 Administros
2431 1465 2496 1520 et
2540 1455 2864 1521 Doctores
2889 1456 3279 1523 Decuriales
3322 1459 3492 1523 Aca-

1152 1577 1404 1641 demiae
1452 1578 1901 1642 Lovanicnsis.
1955 1617 2033 1626 -
2082 1577 2166 1642 Se
2212 1578 2643 1645 libentissime
2688 1581 3094 1648 intellexisse
3144 1583 3484 1668 significat,

1150 1725 1280 1785 eos,
1330 1704 1870 1789 quiuquagesimo
1918 1727 2088 1770 anno
2136 1706 2265 1768 iam
2299 1716 2651 1790 appetente
2684 1728 2836 1772 cum
2868 1707 3227 1773 Academia
3273 1710 3489 1774 Lova·

1151 1832 1391 1895 niensis
1439 1830 1738 1895 felicibus
1774 1834 2081 1917 auspiciis
2116 1836 2424 1899 restituta
2455 1835 2600 1916 fuit,
2628 1835 2829 1900 fausti
2864 1845 3142 1901 eventus
3177 1836 3493 1901 solemnia

1151 1956 1619 2022 celebraturos,
1666 1997 1728 2004 -—
1772 1957 2113 2023 Peculiare
2147 1959 2318 2042 fidci,
2349 1961 2608 2045 pietatis
2636 1970 2701 2025 ct
2727 1961 3022 2048 obsequii
3049 1965 3495 2029 testimonium

1149 2083 1232 2146 ab
1281 2085 1372 2147 eis
1418 2083 1781 2148 exhibitum
1830 2106 2241 2169 summopere
2291 2086 2726 2151 commendat.
2771 2125 2832 2134 —
2874 2085 3269 2153 Gratulatur
3316 2089 3491 2175 quod

1154 2210 1569 2275 Universitas
1617 2212 2051 2276 Lovaniensis
2099 2234 2335 2295 magno
2384 2212 2795 2279 alumnorum
2843 2236 3114 2278 numero
3148 2215 3399 2298 floreat,
3428 2226 3494 2281 et

1148 2345 1290 2400 tum
1336 2337 1761 2402 scientiarum
1808 2338 2179 2424 artiumque
2225 2337 2423 2403 laude
2471 2348 2610 2403 tum
2657 2348 2840 2404 recta
2863 2361 3114 2404 morum
3148 2340 3495 2426 disciplina

1151 2464 1394 2545 vigeat.
1446 2502 1524 2510 —-
1578 2466 1884 2528 Testatur
1931 2463 2015 2528 Sc
2067 2464 2494 2530 Academiam
2530 2469 2740 2550 ipsam
2803 2487 2935 2531 non
2995 2468 3227 2531 minori
3275 2468 3495 2531 existi-

1147 2589 1433 2655 matione
1479 2612 1557 2653 ac
1603 2589 2062 2655 benevolentia
2108 2593 2416 2677 prosequi
2466 2614 2664 2676 quam
2713 2592 2864 2656 olim
2912 2614 3062 2656 cum
3110 2593 3177 2656 in
3223 2593 3494 2678 Belgica

1151 2716 1415 2795 regione
1494 2724 1890 2779 versaretur.
1944 2754 2024 2762 —
2076 2715 2295 2779 Deum
2343 2726 2558 2799 rogat,
2611 2725 2701 2797 ut,
2766 2718 2832 2780 in
2901 2727 3082 2782 recta
3129 2719 3496 2782 animorum

1153 2839 1505 2903 concordia
1572 2839 1885 2925 filialique
1948 2840 2369 2905 observantia
2415 2840 2830 2927 Episcopalis
2879 2843 3322 2916 auctoritatis,
3372 2843 3496 2905 vir·

1152 2973 1260 3028 tus
1284 2963 1622 3030 doctorum
1647 2965 2079 3030 decurialium
2105 2965 2378 3032 solidam
2404 2967 2870 3053 quaerentibus
2899 2969 3287 3052 sapientiam
3313 2989 3497 3052 prae-

1152 3093 1404 3173 luceat,
1458 3089 2005 3177 alumnorumque
2054 3090 2253 3155 ardor
2299 3093 2468 3155 omni
2516 3091 2732 3157 laudis
2779 3114 3023 3176 genere
3071 3115 3222 3178 spes
3272 3093 3499 3158 Eccle-

1162 3222 1297 3283 siae
1347 3228 1410 3283 et
1458 3218 1709 3303 patriae
1758 3215 2087 3281 cumulate
2135 3218 2468 3301 impleat.
2570 3272 2579 3280 .
2681 3273 2691 3282 .
2793 3272 2801 3280 .
2903 3270 2915 3281 .
3017 3272 3027 3282 .
3128 3270 3141 3283 .
3239 3272 3251 3284 .
3348 3270 3362 3283 .
3464 3247 3493 3275 »
3591 3221 3679 3283 40

977 3472 1276 3559 Epistola
1317 3470 1682 3557 Encyclica
1735 3498 1765 3528 «
1820 3472 2201 3534 Humanum
2246 3494 2446 3558 ‚qeaus
2499 3501 2529 3530 »
2582 3473 2687 3537 die
2735 3475 2821 3537 20
2870 3471 3145 3557 Aprilis;
3192 3471 3274 3537 de
3324 3484 3505 3538 secta

1161 3599 1575 3662 Massonum.
1624 3635 1704 3644 —
1756 3596 2202 3660 Decessorum
2238 3595 2525 3661 Suorum
2573 3595 2897 3681 exemplo,
2948 3597 3359 3662 Massonicae
3407 3619 3500 3663 so·

1158 3724 1412 3788 cietatis
1461 3722 1843 3800 doctrinam,
1878 3719 2171 3804 consilia,
2228 3731 2402 3785 artes
2439 3732 2504 3786 et
2540 3722 2870 3785 molimina
2916 3721 3183 3805 detegit,
3235 3722 3499 3808 vimque

1156 3848 1327 3912 illius
1373 3847 1758 3926 maleficam,
1801 3845 1886 3908 ad
1935 3845 2237 3910 funestae
2285 3847 2489 3930 pestis
2538 3846 2947 3931 prohibenda
2980 3846 3303 3929 contagia,
3354 3868 3498 3932 per·

1154 3974 1468 4059 sequitur.
1522 4009 1604 4019 —
1653 3971 1880 4056 Ipsam
1927 3994 2077 4036 cum
2124 3972 2375 4035 iustitia
2421 3994 2716 4056 pugnare
2765 3971 3065 4053 ostendit,
3115 3981 3180 4035 et
3210 3970 3295 4035 ad
3319 3993 3501 4036 ever·

1152 4097 1418 4163 tendam
1466 4096 1893 4160 christianam
1943 4095 2272 4179 religionis
2307 4099 2533 4181 reique
2570 4095 2875 4181 publicae
2907 4095 3342 4179 disciplinam,
3393 4117 3500 4161 no·

1151 4246 1436 4308 vamquc
1485 4222 1570 4285 ad
1618 4223 1953 4305 ingcnium
2003 4243 2194 4286 suum
2231 4222 2688 4304 extruendam,
2729 4222 2972 4287 ducere
3020 4246 3054 4286 e
3104 4222 3317 4286 medio
3369 4222 3496 4284 Na-

1153 4348 1492 4414 turalismo
1542 4347 1973 4412 fundamenta
2022 4357 2086 4412 et
2132 4346 2331 4430 leges.
2372 4387 2448 4395 —-
2479 4350 2714 4434 Itaque
2741 4349 2988 4414 evincit
3019 4358 3266 4413 sectam
3315 4346 3500 4411 Mas-

1155 4498 1387 4542 sonum
1437 4476 1677 4561 exequi
1726 4474 1993 4538 decreta
2040 4474 2600 4538 Naturalistarum
2646 4475 2822 4540 iniis
2873 4475 3094 4558 rebus,
3132 4496 3303 4560 quae
3353 4472 3498 4538 reli-

1150 4605 1429 4686 gionem,
1464 4602 1753 4684 privatos
1802 4597 2231 4684 publicosque
2279 4621 2516 4683 morcS,
2542 4600 2922 4665 convictum
2954 4600 3389 4663 domesticum
3432 4609 3500 4663 et

1148 4727 1407 4792 civilem
1455 4727 1837 4790 societatem
1883 4726 2234 4808 attingunt.
2291 4764 2370 4773 —
2421 4725 2609 4806 Quae
2659 4749 2744 4790 ex
2792 4727 2870 4790 iis
2921 4724 3498 4789 turbulentissimis

1151 4847 1478 4913 erroribus
1526 4848 1658 4912 sint
1704 4846 2080 4911 civitatibus
2154 4848 2685 4914 extiinesccndae
2747 4848 3128 4913 formidines
3194 4857 3498 4929 enarrat3

1151 4972 1392 5058 quibus
1426 4972 1722 5055 cognitis,
1749 4970 1870 5034 hoc
1906 4980 2079 5035 esset
2111 4971 2289 5036 civili
2315 4972 2705 5057 prudentiae
2738 4972 3097 5038 admodum
3126 4993 3495 5056 congruens

1153 5108 1218 5162 et
1263 5096 1693 5160 incolumitati
1742 5098 2071 5161 communi
2103 5099 2571 5176 necessarium,
2606 5098 2937 5183 principes
2963 5106 3029 5162 et
3061 5096 3338 5180 populos
3366 5117 3496 5161 non

1152 5247 1304 5288 cum
1351 5222 1766 5286 Massonibus
1814 5222 1898 5286 ad
1946 5222 2475 5287 labefactandam
2510 5223 2897 5306 Ecclesiam,
2936 5222 3051 5287 scd
3093 5243 3244 5286 cum
3270 5215 3498 5285 Eccle-
