4497 6714
1252 745 1354 822 46

1287 928 1707 1014 Videlicet·
1736 959 1914 1015 cum
1979 940 2238 1055 sectae
2305 936 2787 1023 Massonicae
2853 937 3301 1021 institutum
3375 945 3455 1023 et
3518 938 3745 1048 inge-

1104 1087 1322 1171 nium
1423 1099 1911 1199 compertum
2008 1101 2217 1179 esset
2314 1124 2412 1180 ex
2509 1096 2940 1181 manifestis
3035 1126 3303 1182 rerum
3397 1097 3746 1198 indiciis,

1104 1246 1554 1357 cognitione
1621 1280 2095 1355 caussarum,
2161 1240 2484 1364 prolatis
2548 1255 2629 1339 in
2693 1256 2951 1341 lucem
3016 1257 3329 1368 legibus
3382 1258 3576 1362 eiUS,
3642 1258 3747 1342 ri-

1102 1406 1335 1508 tibus,
1404 1411 2006 1517 commentariis,
2075 1413 2264 1523 ipsis
2329 1444 2562 1524 saepe
2638 1416 3193 1501 accedentibus
3279 1417 3748 1503 testimoniis

1103 1596 1375 1653 eorum
1441 1570 1575 1678 qui
1642 1579 1906 1657 essent
1971 1573 2286 1675 conscii,
2353 1573 2551 1660 haec
2615 1575 3064 1686 Apostolica
3127 1577 3368 1664 Sedes
3446 1582 3748 1665 denun-

1102 1730 1324 1815 tiavit
1356 1740 1783 1842 aperteque
1829 1732 2094 1836 edixit,
2145 1740 2440 1819 sectam
2484 1736 2959 1839 Massonum,
2998 1745 3268 1822 contra
3310 1738 3431 1822 ius
3475 1741 3748 1849 fasque

1103 1891 1632 1994 constitutam,
1679 1920 1833 1977 non
1898 1894 2157 1978 minus
2224 1923 2396 1980 esse
2464 1895 2934 1981 christianae
2999 1898 3138 2000 rei,
3173 1927 3411 2007 quam
3455 1897 3748 1983 civitati

1099 2053 1657 2164 perniciosam:
1723 2056 2300 2166 propositisque
2377 2059 2675 2168 poeniS,
2765 2061 3052 2169 quibus
3135 2062 3334 2146 solet
3396 2062 3752 2148 Ecclesia

1100 2214 1418 2326 gravius
1453 2215 1533 2299 in
1567 2223 1832 2301 sontes
1884 2217 2527 2322 animadvertere,
2584 2219 2986 2305 interdixit
3033 2227 3268 2330 atque
3312 2221 3746 2333 imperavit,

1101 2405 1199 2461 ne
1236 2376 1410 2485 quis
1446 2375 1559 2459 illi
1592 2404 1876 2461 nomen
1935 2377 2291 2463 societati
2346 2380 2589 2463 daret.
2653 2378 2822 2482 Qua
2876 2407 2973 2463 ex
3005 2409 3091 2465 rc
3126 2379 3303 2464 irati
3356 2382 3746 2491 gregaleS,

1101 2564 1372 2621 earum
1457 2537 1615 2621 vim
1692 2522 2259 2624 sententiarum
2348 2543 2897 2651 subterfugere
2983 2548 3118 2625 aut
3192 2540 3600 2627 debilitare
3664 2571 3749 2628 se

1100 2725 1329 2808 posse
1394 2699 1678 2808 partim
1747 2704 2341 2803 contemnendo,
2386 2701 2671 2812 partim
2718 2701 3261 2787 calumniando
3319 2700 3493 2804 rati,
3540 2704 3749 2787 Pon-

1100 2857 1350 2943 tifices
1414 2860 1816 2945 maximos
1903 2859 2037 2969 qui
2103 2889 2197 2944 ea
2264 2864 2797 2963 decreverant,
2886 2860 3273 2945 criminati
3355 2868 3540 2946 sunt
3615 2870 3751 2947 aut

1100 3046 1258 3105 non
1322 3018 1528 3104 iusta
1592 3020 2055 3122 decrevisse,
2123 3029 2260 3106 aut
2304 3024 2624 3106 modum
2668 3021 2748 3103 in
2792 3024 3285 3106 decernendo
3351 3021 3746 3107 transisse.

1100 3181 1275 3264 Hac
1340 3207 1527 3264 sane
1592 3180 1893 3266 ratione
1963 3180 2630 3266 Constitutionum
2696 3180 3322 3291 Apostolicarum
3388 3181 3751 3267 Clemen-

1099 3339 1203 3425 tis
1267 3343 1452 3445 XII,
1520 3341 1935 3428 Benedicti
2002 3343 2214 3445 XIV,
2281 3342 2630 3452 itemque
2696 3342 2819 3427 Pii
2883 3343 3033 3429 VII
3100 3348 3179 3428 et
3242 3340 3367 3425 Pii
3432 3343 3553 3425 IX
3620 3371 3750 3427 co-

1102 3502 1266 3586 nati
1330 3510 1514 3587 sunt
1579 3502 2126 3587 auctoritatem
2195 3511 2276 3588 et
2338 3505 2643 3613 pondus
2707 3504 3049 3588 eludere.
3119 3503 3412 3588 Verum
3462 3502 3543 3586 in
3584 3502 3752 3612 ipsa

1101 3662 1238 3746 illa
1303 3663 1679 3748 societate
1744 3691 1900 3748 non
1968 3666 2313 3765 defuere,
2361 3664 2496 3774 qui
2562 3663 2688 3749 vel
2753 3662 2976 3748 inviti
3041 3664 3497 3766 faterentur,
3544 3666 3752 3771 quod

1102 3829 1271 3909 erat
1335 3852 1381 3906 a
1443 3822 1785 3907 romanis
1850 3824 2366 3908 Pontificibus
2433 3826 2754 3915 factum,
2821 3823 2898 3907 id
2966 3853 3161 3926 esse,
3219 3830 3571 3934 spectata
3612 3825 3750 3908 do-

1102 3984 1377 4069 ctrina
1417 3984 1982 4095 disciplinaque
2051 3984 2461 4087 catholica,
2529 3986 2698 4072 iure
2765 3988 3082 4070 factum.
3151 3988 3244 4070 In
3310 4014 3465 4095 quo
3542 3988 3751 4071 Pon-

1101 4144 1444 4228 tificibus
1532 4144 1759 4230 valde
1846 4144 2208 4230 assentiri
2291 4144 2556 4256 plures
2641 4144 2785 4229 viri
2850 4145 3242 4254 principes
3329 4174 3752 4255 rerumque

1100 4306 1593 4415 publicarum
1657 4312 2003 4392 rectores
2069 4306 2211 4391 visi
2278 4314 2484 4409 sunt,
2556 4306 2839 4415 quibus
2911 4334 3142 4390 curae
3209 4305 3357 4389 suit
3421 4305 3753 4392 societa-

1102 4473 1267 4552 tem
1332 4467 1853 4552 Massonicam
1943 4467 2068 4552 vel
2156 4469 2363 4576 apud
2426 4466 2958 4576 Apostolicam
3045 4467 3328 4552 Sedem
3393 4495 3752 4577 arguere,

1106 4626 1232 4711 vel
1322 4655 1463 4736 per
1527 4656 1636 4730 se,
1703 4626 1881 4711 latis
1969 4627 2048 4710 in
2132 4626 2210 4710 id
2292 4626 2628 4737 legibuS,
2719 4654 2967 4711 noxae
3052 4628 3445 4727 damnare,
3510 4634 3601 4711 ut
3673 4627 3756 4710 in

1102 4785 1550 4888 Hollandia,
1618 4785 1958 4890 Austria,
2026 4786 2419 4889 Helvetia,
2486 4785 2889 4895 Hispania,
2941 4784 3298 4886 Bavaria,
3367 4785 3756 4872 Sabaudia

1104 4944 1435 5055 aliisque
1500 4945 1776 5031 Italiae
1841 4947 2217 5058 partibus

1294 5107 1518 5211 Quod
1582 5116 1847 5192 tamen
1911 5137 2096 5218 prae
2167 5107 2448 5192 ceteris
2505 5105 2854 5208 interest,
2899 5108 3395 5216 prudentiam
3461 5109 3754 5193 Deces-

1108 5298 1373 5354 sorum
1440 5270 1903 5354 Nostrorum
1989 5297 2255 5353 rerum
2343 5274 2670 5352 eventus
2760 5267 3315 5377 comprobavit.
3394 5269 3756 5378 Ipsorum
