4497 6714
3163 812 3296 887 121

793 1003 1162 1110 ponenda
1228 1000 1708 1086 censuimus,
1778 1002 2057 1110 Itaque
2125 1007 2433 1084 mature
2519 997 2882 1083 omnibus
2977 994 3127 1079 hac
3212 997 3310 1080 de
3375 1020 3461 1079 re

796 1159 1306 1245 consideratis
1372 1167 1454 1247 et
1521 1160 1928 1272 expensis,
2017 1161 2115 1245 de
2202 1158 2528 1244 consilio
2619 1164 2791 1242 tum
2869 1155 3460 1242 Venerabilium

792 1322 1162 1405 Fratrum
1226 1322 1692 1408 Nostrorum
1758 1322 1834 1408 S.
1901 1323 2001 1408 R.
2067 1322 2159 1405 E.
2209 1318 2746 1405 Cardinalium
2820 1316 3267 1403 Christiano
3320 1344 3463 1401 no-

795 1479 1005 1566 mine
1071 1464 1600 1593 propagandO,
1674 1490 1848 1566 tum
1916 1480 2506 1567 Venerabilium
2573 1481 2941 1563 Fratrum
2994 1477 3464 1562 Nostrorum

800 1640 875 1727 S.
945 1642 1041 1727 R.
1108 1644 1197 1726 E.
1272 1642 1801 1727 Cardinalium
1863 1640 2421 1727 ecclesiasticis
2465 1640 2808 1751 negotiis
2857 1648 3078 1726 extra
3112 1638 3466 1725 ordinem

801 1776 1307 1913 expediendis
1370 1803 1997 1915 praepositorum
2034 1870 2053 1907 ,
2119 1832 2262 1916 per
2326 1806 2735 1890 decretum
2830 1801 3070 1887 huius
3156 1808 3463 1913 postre-

799 1995 974 2052 mae
1041 1968 1682 2080 congregationis
1747 1968 1873 2055 die
1949 1968 2021 2052 l.
2094 1966 2394 2078 Aprilis
2461 1966 2614 2052 hoc
2680 1968 2908 2051 anno‘
2950 1965 3251 2051 editum
3304 1963 3464 2048 ius-

801 2127 1045 2213 simus
1111 2130 1828 2233 extraordinariam,
1898 2159 2100 2241 quae
2173 2131 2272 2214 ab
2343 2127 2961 2240 Archiepiscopo
3028 2129 3302 2213 Goano
3369 2155 3466 2213 ex

802 2288 1039 2374 huius
1105 2290 1436 2379 Sanctae
1505 2292 1737 2380 Sedis
1803 2293 2310 2404 delegatione
2379 2297 2799 2377 exercetur
2884 2290 2962 2375 in
3048 2288 3469 2402 praedictis

810 2449 1329 2536 Vicariatibus
1364 2451 2035 2559 Hyderabadensi,
2059 2449 2739 2553 Pondicheriensi,
2778 2447 3286 2551 Calcuttensi,
3313 2450 3467 2533 Pe-

816 2609 1176 2718 ninsulae
1254 2611 1747 2719 Malayensis,
1825 2610 2312 2723 Bengalensi
2347 2610 2754 2712 Orientali,
2824 2608 3336 2696 Columbensi
3391 2613 3471 2693 et

806 2772 1152 2858 Iasncnsi
1180 2773 1802 2859 iurisdictionem
1838 2776 1935 2858 ad
1968 2802 2105 2859 sex
2143 2801 2458 2859 menses
2526 2778 2861 2874 tantum,
2899 2798 3182 2881 nempe
3216 2798 3468 2879 usque

807 2937 904 3019 ad
968 2933 1466 3045 trigesimum
1511 2934 1802 3020 mensis
1848 2933 2334 3046 Septembris
2384 2932 2717 3018 huiusce
2764 2932 2946 3016 anni
2981 2961 3465 3017 MDCCCLXXIV

805 3096 1013 3181 diem
1077 3098 1506 3208 prorogari.
1577 3096 1746 3201 Quo
1812 3096 2150 3183 termino
2217 3103 2503 3183 exacto
2579 3094 3169 3205 Archiepiscopi
3217 3092 3473 3179 Goani

809 3254 889 3338 in
953 3256 1182 3340 dictis
1247 3255 1770 3341 Vicariatibus
1836 3255 2468 3340 iurisdictionem
2536 3254 2856 3340 omnino
2900 3255 3134 3339 finem
3179 3252 3474 3339 habere

806 3415 1190 3520 volumuS,
1258 3418 1698 3527 exindeque
1767 3420 2042 3503 eadem
2105 3417 2280 3502 loca
2348 3416 2841 3502 Vicariorum
2908 3424 3214 3502 tantum
3265 3417 3474 3529 Apo-

809 3575 1263 3660 stolicorum
1328 3577 1845 3663 iurisdictioni
1931 3584 2012 3662 et
2076 3577 2530 3662 auctoritati
2600 3577 2913 3689 integre
2981 3579 3257 3665 subiici
3337 3583 3474 3666 de-

811 3735 1204 3821 cernimus
1268 3745 1505 3848 atque
1572 3738 1974 3838 edicimUS,
2012 3744 2093 3824 et
2158 3738 2426 3824 Goani
2510 3738 3098 3852 Archiepisccpi
3162 3742 3475 3827 iurisdi-

810 3897 1174 3999 ctionem,
1242 3928 1340 3985 ex
1403 3899 1904 4010 delegatione
1971 3898 2440 4009 Apostolica
2505 3909 2727 3986 extra
2801 3901 3156 3988 ordinem
3219 3902 3477 3989 eidem

810 4057 892 4142 in
956 4058 1234 4168 iisdem
1298 4059 1757 4172 regionibus
1821 4060 2341 4172 impertitam,
2409 4091 2455 4146 a
2518 4061 2770 4173 prima
2825 4062 3184 4148 Octobris
3238 4060 3476 4149 huius

813 4216 996 4301 anni
1060 4218 1187 4303 die
1273 4217 1354 4302 in
1440 4220 1802 4304 omnibus
1898 4220 2223 4306 desiisse
2322 4220 2813 4305 declaramus
2911 4228 2992 4306 et
3086 4221 3473 4308 iubemuS.

813 4379 1149 4465 Proinde
1215 4381 1580 4468 universo
1644 4382 1955 4466 illarum
2019 4381 2436 4492 regionum
2484 4380 2691 4466 clero
2761 4387 2841 4466 et
2915 4383 3205 4494 populo
3249 4412 3477 4495 prae-

816 4540 1189 4650 cipimuS,
1259 4549 1348 4627 ut
1393 4573 1438 4626 a
1512 4543 1762 4654 prima
1846 4541 2226 4651 praedicti
2299 4540 2597 4627 mensis
2666 4541 3025 4627 Octobris
3076 4543 3202 4628 die
3246 4544 3477 4630 Vica-

812 4700 948 4786 riis
1011 4701 1482 4813 Apostolicis
1518 4668 1757 4788 ’dicto
1844 4702 2002 4787 sint
2066 4702 2484 4788 audientes
2512 4771 2535 4806 ,
2602 4701 2858 4812 iisque
2942 4709 3292 4815 pareant,
3358 4712 3477 4790 at-

814 4892 967 4973 que
1053 4867 1151 4949 ab
1248 4865 1435 4976 ipsis
1516 4872 1828 4951 tantum
1924 4872 2401 4976 opportunas
2486 4865 2904 4952 facultates
3003 4865 3477 4954 iurisdictio-

811 5055 1152 5137 nemque
1219 5027 1581 5139 excipere
1678 5030 2041 5114 debeant.
2122 5028 2300 5112 Non
2393 5028 2895 5113 obstantibus
2983 5028 3478 5116 constitutio-

813 5188 1045 5273 nibus
1142 5196 1223 5275 et
1320 5189 1856 5277 sanctionibus
1952 5187 2428 5301 Apostolicis
2543 5188 2987 5300 ceterisque
3090 5191 3477 5294 omnibuS,

818 5349 1173 5459 quamvis
1261 5351 1580 5460 speciali
1668 5358 1905 5461 atque
1993 5349 2396 5437 individua
2482 5350 2881 5437 mentione
2958 5381 3049 5437 ac
3133 5355 3472 5465 deroga·
