4497 6714
3108 757 3245 835 171

753 935 1207 1046 imploratis,
1275 940 1442 1049 pias
1528 941 1737 1050 apud
1801 941 2061 1026 Deum
2127 969 2402 1051 preces
2470 938 2915 1041 effuderint,
2982 936 3418 1049 plenariam

752 1099 1102 1183 omnium
1167 1109 1670 1211 peccatorum
1757 1102 2353 1214 Indulgentiam
2420 1131 2510 1186 ac
2578 1100 3144 1203 remissionem,
3213 1127 3415 1209 quae

754 1290 897 1372 per
959 1263 1279 1347 modum
1343 1263 1700 1374 suffragii
1767 1265 2005 1349 etiam
2085 1264 2496 1349 animabus
2573 1263 3103 1376 piacularibus
3200 1265 3419 1348 flam-

754 1420 903 1506 mis
967 1423 1308 1508 detentis
1373 1423 1747 1535 applicari
1831 1424 2099 1534 possit,
2164 1424 2512 1536 benigne
2578 1424 2658 1508 in
2734 1423 3071 1509 Domino
3147 1430 3421 1508 tenore

754 1584 1287 1694 praesentium
1356 1585 1878 1670 concedimus,

942 1746 1046 1828 Et
1111 1745 1480 1854 quoniam
1524 1746 2008 1831 nobilissima
2050 1746 2481 1858 Hispanica
2524 1747 2757 1832 Natio
2803 1746 3128 1831 mirifica
3169 1746 3418 1832 sancti

756 1904 1023 1989 Iacobi
1087 1934 1234 2017 ope
1279 1908 1513 1993 fidem
1579 1905 2047 1993 catholicam
2111 1907 2506 2018 integram
2570 1906 3180 2018 inviolatamque
3257 1937 3419 1993 ser-

756 2065 988 2168 vavit,
1054 2073 1144 2150 ut
1207 2067 1427 2152 Deus
1492 2067 1934 2153 misericors
1999 2067 2073 2152 ei
2137 2068 2477 2178 gratiam
2533 2067 2936 2179 impertire
2981 2069 3196 2172 velit,
3242 2098 3423 2179 pro·
3485 2166 3488 2169 ,

757 2233 933 2336 pter
998 2256 1257 2337 quam,
1304 2227 1385 2312 in
1450 2236 1670 2335 tanta
1735 2259 2087 2317 errorum
2136 2229 2599 2331 colluvione,
2647 2232 2990 2315 Patrono
3035 2258 3177 2315 suo
3213 2233 3420 2341 apud

761 2388 1020 2473 Deum
1085 2388 1343 2474 medio
1412 2397 1492 2474 et
1557 2398 1989 2501 sequestro,
2027 2394 2126 2476 ad
2168 2390 2668 2476 sanctitatem
2713 2390 3123 2502 religionis
3169 2391 3423 2478 avitae

763 2555 842 2633 et
907 2550 1007 2632 ad
1069 2549 1386 2659 pietatis
1451 2551 1801 2636 studium
1866 2552 2124 2636 firmet
2189 2551 2562 2653 animum,
2629 2551 3198 2662 amplissimum
3264 2552 3424 2664 pri-

761 2709 1142 2820 vilegium
1207 2714 1304 2795 ab
1372 2713 1816 2798 Alexandro
1881 2715 2004 2797 III
2070 2714 2504 2799 Decessore
2569 2714 2858 2800 Nostro
2946 2713 3020 2799 ei
3103 2742 3425 2799 conces-

761 2900 959 2974 sum,
1037 2870 1392 2957 lucrandi
1458 2873 1757 2958 scilicet
1822 2873 2263 2984 plenarium
2328 2874 2772 2960 Iubilaeum
2837 2901 2929 2959 eo
2997 2902 3200 2959 anno
3269 2900 3423 2984 quo

759 3033 1048 3116 festum
1135 3034 1384 3118 sancti
1480 3034 1746 3119 Iacobi
1832 3064 1983 3118 xxv
2079 3034 2261 3119 Iulii
2358 3035 2651 3120 incidat
2747 3035 2827 3119 in
2930 3033 3425 3119 Dominicam

759 3191 992 3297 diem,
1062 3194 1299 3279 etiam
1365 3223 1504 3306 pro
1570 3202 1904 3280 venturo
1970 3223 2171 3280 anno
2239 3196 2742 3280 concedimus
2829 3225 3011 3281 cum
3099 3223 3193 3279 ea
3256 3194 3428 3305 ipsa

760 3353 886 3441 die
964 3363 1235 3441 sancto
1301 3359 1588 3442 Iacobo
1656 3387 1875 3442 sacra
1940 3357 2140 3443 festa
2183 3355 2566 3442 solemnia
2611 3355 3083 3443 inventionis
3130 3363 3210 3442 et
3255 3355 3418 3442 ele-

759 3517 1091 3603 vationis
1159 3521 1504 3631 corporis
1571 3520 1740 3606 eius
1806 3521 2115 3631 agenda
2180 3527 2435 3622 erunt,
2503 3550 2596 3605 ea
2660 3528 2969 3607 servata
3023 3518 3423 3624 method0,

763 3688 843 3766 et
908 3706 1087 3763 cum
1153 3679 1433 3766 iisdem
1496 3681 2001 3766 facultatibus
2068 3680 2146 3765 in
2204 3680 2782 3767 Constitutione
2828 3680 3072 3791 ipsius
3117 3680 3420 3766 Summi

761 3841 1165 3926 Pontificis
1230 3843 1412 3926 data
1475 3842 1601 3927 die
1668 3871 1819 3925 xxv
1885 3841 2066 3925 Iulii
2132 3871 2256 3925 an.
2325 3870 2660 3926 MCLxxlx
2698 3840 3110 3925 contentis,

946 4003 1113 4086 Has
1180 4031 1493 4112 quoque
1559 4002 1863 4088 litteras
1929 4009 2008 4088 et
2074 4030 2620 4112 quaecumque
2709 4001 2789 4087 in
2870 4001 2984 4087 eis
3051 4008 3421 4087 contenta

760 4161 978 4248 nullo
1043 4192 1393 4273 unquam
1457 4172 1811 4275 tempore
1876 4167 1974 4249 de
2020 4164 2547 4274 subreptionis
2583 4164 2708 4249 vel
2755 4163 3238 4274 obreptionis
3273 4192 3417 4248 seu

761 4324 1143 4409 nullitatis
1208 4332 1344 4409 aut
1408 4324 1911 4409 invaliditatis
1975 4324 2165 4411 vitio
2212 4355 2355 4411 seu
2399 4325 2854 4412 intentionis
2898 4326 3256 4428 Nostrae,
3294 4326 3421 4412 vel

761 4484 913 4570 alio
980 4484 1254 4595 quovis
1318 4486 1634 4571 defectu
1699 4484 1976 4585 notari,
2043 4485 2534 4598 impugnari,
2612 4489 2751 4572 sed
2817 4515 3128 4598 semper
3194 4494 3274 4572 et
3340 4487 3421 4572 in

760 4652 1231 4757 perpetuum
1295 4646 1590 4731 validas
1656 4654 1737 4732 et
1804 4646 2160 4733 efficaces
2226 4676 2399 4733 esse
2467 4655 2548 4733 et
2611 4649 2800 4750 fore,
2838 4675 3180 4758 suosque
3245 4647 3416 4760 ple-

761 4806 1019 4893 narios
1085 4813 1166 4893 et
1230 4806 1582 4919 integros
1649 4807 1980 4894 effectus
2046 4807 2308 4893 sortiri
2373 4816 2454 4894 et
2520 4807 2918 4912 obtinere3
2986 4808 3257 4918 sicque
3323 4810 3423 4893 ab

759 4965 1121 5050 omnibus
1188 4965 1753 5077 cuiuscumque
1820 4969 2137 5077 gradus
2218 4967 2536 5069 ordinis,
2603 4967 3270 5079 praeeminentiae
3337 4973 3417 5053 et

760 5125 1170 5237 dignitatis
1267 5126 1569 5213 censeri
1655 5126 2061 5231 volumus3
2152 5129 2613 5214 mandantes
2659 5196 2677 5233 ,
2776 5135 2866 5213 ut
2971 5131 3431 5216 earumdem

765 5284 1302 5395 praesentium
1367 5286 1880 5398 transumptis
1947 5285 2183 5370 etiam
2250 5286 2649 5397 impressis
2713 5317 2952 5371 manu
2987 5295 3252 5374 tamon
3289 5288 3432 5373 ali-
