4497 6714
3139 784 3290 865 201

1277 1133 1958 1264 LITTERAE
2045 1128 2987 1277 APOSTOLIOAE

969 1507 1244 1574 QUIBUS
1309 1506 1730 1563 PRIORATUS
1795 1505 2329 1563 MONACHORUM
2395 1504 2702 1561 ORDINIS
2768 1505 2827 1559 S.
2898 1503 3310 1561 BENEDICTI

1529 1667 2190 1723 CONGREGATIONIS
2258 1667 2733 1722 CASSINENSIS

801 1830 884 1884 IN
948 1829 1426 1885 NOVARCENSI
1505 1828 2124 1885 FOEDERATARUM
2188 1828 2577 1885 AMERICAE
2643 1827 3022 1885 DITIONUM
3107 1827 3460 1886 DIOECESI

992 1991 1039 2046 A
1106 1991 1391 2048 SANCTA
1457 1990 1696 2047 MARIA
1763 1991 2203 2048 NOMINATUS
2269 1991 2352 2045 IN
2426 1990 2810 2045 ABBATIAM
2877 1990 3270 2048 ERIGITUR.

1692 2474 1950 2570 LEO
2021 2474 2217 2569 ΡΡ.
2287 2474 2569 2569 XIII.

1534 2851 1633 2907 AD
1700 2851 2067 2908 FUTURAM
2130 2851 2261 2907 REI
2324 2850 2736 2906 MEMORIAM

815 3172 1002 3320 Per
1097 3233 1607 3319 Venerabiles
1704 3236 2026 3321 Fratres
2121 3235 2451 3320 Nostros
2528 3234 2604 3321 S.
2672 3234 2764 3317 E.
2832 3235 2932 3319 R.
3022 3232 3477 3319 Cardinales

820 3395 1163 3481 Consilio
1229 3395 1412 3481 fidei
1476 3398 2027 3507 propagandae
2094 3395 2604 3506 praepositOS,
2673 3394 3128 3506 excepimus
3202 3424 3479 3507 preces

816 3556 1084 3643 dilecti
1152 3556 1288 3640 filii
1356 3555 1743 3641 Bonifacii
1819 3556 2205 3643 Wimmer
2279 3554 2832 3641 Archiabbatis
2909 3554 3480 3642 Monachorum

818 3716 1145 3801 illustris
1211 3716 1518 3801 Ordinis
1585 3716 1659 3803 S.
1728 3717 2144 3804 Benedicti
2212 3718 2873 3829 Congregationis
2941 3719 3430 3804 Cassinensis
3459 3783 3478 3822 ‚

822 3877 1107 3987 quibus
1172 3877 1658 3987 supplicatur
1692 3943 1710 3979 ,
1809 3885 1899 3961 ut
1963 3877 2532 3964 Monachorum
2598 3879 2951 3965 eiusdem
3018 3878 3329 3964 Ordinis
3397 3885 3479 3964 et

823 4037 1481 4149 Congregationis
1557 4039 2008 4123 Prioratum
2103 4037 2182 4122 in
2280 4040 2761 4125 Novarcensi
2861 4041 3485 4125 Foederatarum

822 4201 1233 4288 Americae
1332 4200 1718 4287 ditionum
1815 4200 2156 4287 dioecesi
2255 4200 2704 4286 institutum
2740 4265 2759 4304 ‚
2856 4201 2983 4285 cui
3069 4230 3115 4284 a
3200 4200 3487 4287 Sancta

826 4362 1073 4447 Maria
1134 4392 1424 4448 nomen
1488 4364 1785 4447 factum
1850 4371 1971 4448 est
2006 4429 2025 4466 ‚
2124 4361 2576 4472 Apostolica
2641 4361 3134 4446 Auctoritate
3200 4362 3488 4447 Nostra

828 4525 927 4608 ad
1018 4522 1401 4610 honorem
1497 4523 2165 4648 dignitatemque
2224 4521 2610 4609 Abbatiae
2708 4521 3048 4609 evehere
3124 4522 3485 4608 velimus,

826 4684 1002 4769 Non
1067 4684 1444 4770 mediocri
1511 4684 1829 4795 quidem
1894 4684 1975 4767 in
2052 4683 2295 4768 tantis
2369 4683 2756 4794 angustiis
2838 4684 3148 4770 Nostris
3224 4682 3491 4771 affecti

827 4873 1099 4928 sumus
1164 4843 1487 4948 laetitia,
1556 4843 2096 4955 intelligentes
2161 4843 2333 4930 zelo
2400 4849 2480 4930 et
2544 4871 2782 4955 opera
2822 4844 3155 4955 praefati
3221 4842 3492 4929 dilecti

824 5002 966 5087 filii
1030 5004 1422 5090 Bonifacii
1490 5009 1856 5092 eumdem
1907 5005 2360 5091 Prioratum
2406 5005 2487 5090 in
2530 5005 2986 5092 memoratis
3030 5004 3493 5117 regionibus

826 5166 1243 5250 fundatum
1308 5183 1494 5253 esse‘
1518 5232 1537 5271 ‚
1604 5195 1947 5278 eumque
2014 5166 2401 5279 singulari
2466 5167 2678 5252 illius
2743 5196 2931 5253 cura
2966 5233 2985 5272 ‚
3086 5167 3347 5254 studio
3413 5173 3494 5254 et
3540 5254 3551 5262 ,

828 5322 1356 5410 sollicitudine
1423 5334 1592 5411 tum
1640 5325 2206 5413 Monachorum
2254 5355 2607 5428 numero,
2654 5334 2827 5413 tum
2870 5328 3060 5414 satis
3124 5327 3499 5438 congruis
