4497 6714
3128 826 3228 904 77

1203 1044 1887 1320 LITTERAE
1972 1117 2913 1249 APosTofflcAE

1039 1507 1318 1577 QUIBUS
1383 1504 1750 1561 TEMPLUM
1814 1504 1876 1559 S.
1945 1501 2298 1559 DOMINICI
2364 1500 2754 1558 BONONIAE
2820 1502 3050 1559 SITUM

1135 1667 1235 1724 AD
1269 1663 1664 1723 BASILICAE
1708 1662 2021 1718 MINORIS
2066 1660 2542 1718 DIGNITATEM
2575 1661 2989 1720 EVEHITUR.

1605 2206 1866 2303 LEO
1935 2204 2135 2299 PP.
2209 2205 2497 2301 XIII.

1439 2616 1539 2673 AD
1605 2616 2063 2674 PERPETUAM
2129 2617 2258 2673 REI
2321 2616 2752 2674 MEMORIAM.

733 2906 1094 3076 Templa
1156 2964 1343 3069 Dei,
1427 2991 1629 3074 quae
1713 2990 2114 3048 sacrorum
2192 2969 2881 3049 monumentorum
2976 2963 3391 3074 splendore

738 3127 1022 3215 ceteris
1067 3125 1568 3227 antecellant,
1613 3126 1710 3209 de
1755 3152 1972 3210 more
2016 3125 2556 3209 Romanorum
2610 3123 3087 3209 Pontificum
3152 3127 3395 3211 Prae-

734 3292 1243 3378 decessorum
1325 3288 1796 3375 Nostrorum
1822 3351 1841 3390 ,
1940 3284 2363 3400 praeclaris
2459 3285 2712 3374 titulis
2799 3286 3396 3399 privilegiisque

739 3479 1035 3563 augere
1098 3448 1379 3535 libenti
1442 3475 1707 3533 amore
1773 3447 2145 3535 solemuS.
2212 3447 2435 3532 Haec
2500 3446 2709 3533 inter
2770 3445 2942 3533 iure
3008 3455 3129 3533 est
3192 3450 3398 3534 refe-

738 3615 1095 3716 rendum,
1162 3613 1375 3720 quod
1438 3608 1847 3694 Bononiae
1931 3614 2148 3694 extat
2229 3581 3099 3719 magnificentissimum
3163 3611 3397 3695 Tem-

740 3775 959 3887 plum
994 3840 1013 3878 ,
1113 3780 1196 3860 et
1289 3774 1387 3858 ab
1471 3770 1782 3859 Ordinis
1844 3771 2493 3898 Praedicatorum
2556 3771 2895 3857 alumnis
2920 3838 2938 3875 ,
3038 3771 3175 3882 qui
3261 3800 3401 3858 sex

741 3933 1030 4020 abhinc
1095 3932 1431 4020 saeculis
1513 3931 1726 4017 illius
1804 3932 2205 4018 custodiae
2272 3938 2648 4044 praesunt
2685 3997 2703 4034 ,
2778 3931 3203 4017 illustrium
3279 3939 3401 4017 est

740 4097 1131 4182 artificum
1206 4095 1575 4206 operibus
1651 4092 1917 4190 studio,
1977 4093 2370 4179 indefesso
2434 4093 3039 4203 locupletatum,
3105 4092 3402 4201 ubique

741 4284 1008 4344 sacrae
1074 4255 1405 4343 exuviae
1470 4255 1545 4343 S.
1616 4254 2013 4341 Dominici
2079 4255 2591 4359 ConfessoriS,
2660 4255 3016 4341 eiusdem
3091 4253 3401 4340 Ordinis

743 4417 1011 4527 inclyti
1075 4415 1534 4519 fundatoris,
1600 4415 2194 4528 religiosissime
2262 4421 2786 4503 asservantur.
2835 4415 3037 4501 Oum
3081 4414 3328 4527 igitur
3359 4445 3405 4499 a

741 4579 1030 4665 dilecto
1095 4577 1254 4663 filio
1297 4575 1636 4687 Iosepho
1701 4576 1952 4661 Maria
2016 4577 2358 4663 Larroca
2392 4576 2767 4663 Generali
2813 4576 3125 4662 Ordinis
3158 4578 3402 4663 Prae-

745 4741 1183 4826 dicatorum
1247 4738 1656 4851 Magistro,
1724 4737 2071 4825 universi
2135 4737 2450 4824 Ordinis
2479 4725 2482 4728 “
2514 4737 2832 4824 nomine
2856 4805 2875 4843 ,
2954 4737 3182 4823 enixe
3248 4737 3407 4823 sint

744 4900 991 4986 Nobis
1053 4928 1330 5011 preces
1394 4897 1820 5002 adhibitae,
1865 4905 1978 5002 ut,
2026 4927 2183 5008 quo
2251 4898 2585 5010 insignis
2620 4897 2821 4985 haec
2885 4928 3108 4985 sacra
3170 4901 3407 4987 aedes

746 5059 1022 5146 maiori
1089 5061 1350 5146 cultus
1413 5059 1714 5147 honore
1779 5061 2196 5171 refulgeat,
2233 5060 2451 5146 illam
2488 5063 2589 5147 ad
2653 5060 3044 5148 Basilicae
3080 5061 3406 5147 Minoris

748 5219 1221 5333 dignitatem
1284 5219 1622 5307 evehere
1687 5220 2044 5326 velimus;
2111 5221 2299 5324 Nos,
2346 5221 2834 5332 suffragante
2901 5249 3217 5332 quoque
3282 5222 3402 5307 di-

752 5381 962 5466 lecto
1025 5380 1231 5467 Filio
1295 5382 1585 5467 Nostro
1659 5379 2076 5466 Dominico
2143 5381 2218 5469 S.
2267 5383 2359 5466 E.
2407 5383 2505 5470 R.
2581 5383 3054 5491 Presbytero
3133 5383 3405 5469 Cardi-
