4497 6714
3214 866 3365 945 197

861 1047 1245 1136 Thomam
1277 1051 1755 1162 Aquinatem
1797 1051 1879 1136 in
1922 1052 2343 1163 pristinum
2381 1051 2701 1137 honoris
2747 1059 2827 1137 et
2870 1051 3278 1162 dignitatis
3323 1081 3508 1163 gra-

860 1210 1048 1293 dum
1110 1209 1445 1296 restitui.
1527 1212 1808 1322 Itaque
1893 1210 2386 1321 gratulamur
2449 1209 2616 1313 tibi,
2707 1209 2993 1295 dilecte
3081 1209 3215 1312 fili,
3303 1210 3513 1319 quod

856 1368 1064 1455 vires
1106 1370 1409 1482 ingenii
1452 1371 1569 1457 tui
1619 1371 1700 1455 in
1746 1377 2216 1491 argumento
2251 1379 2413 1456 tam
2459 1370 2702 1456 nobili
2748 1380 3069 1482 tamque
3108 1372 3510 1457 fructuoso

863 1532 1344 1618 exercueris:
1427 1540 1994 1644 perspectaque
2082 1532 2466 1643 sapientia
2551 1531 2786 1617 simul
2852 1540 2931 1618 et
2994 1532 3288 1644 pietate
3353 1539 3514 1635 tua,

861 1723 1000 1804 pro
1036 1702 1252 1780 certo
1315 1693 1701 1812 habemus
1736 1695 2091 1779 futurum
2142 1701 2233 1778 ut
2277 1680 2479 1803 q'uae
2545 1721 2731 1777 vera
2776 1699 2982 1794 sunt,
3052 1721 3253 1802 quae
3288 1721 3515 1803 prae-

867 1851 1095 1956 clara,
1164 1853 1503 1939 maxime
1567 1881 1753 1939 vero
1821 1880 2021 1962 quae
2088 1853 2187 1935 ad
2252 1851 2566 1936 laudem
2610 1851 2923 1936 virtutis
2958 1852 3518 1962 doctrinaeque

846 2013 1318 2102 christianae
1382 2016 1802 2127 pertinent,
1871 2045 1965 2101 ea
2027 2044 2316 2127 pergas
2361 2014 2505 2099 tibi
2547 2015 2630 2099 in
2672 2014 3087 2100 scribendo
3132 2044 3519 2127 propone-

865 2204 990 2261 re:
1036 2185 1226 2264 tunc
1292 2179 1503 2264 enirn
1576 2177 1859 2263 merito
1925 2178 2292 2262 laudatur
2355 2177 2753 2288 elegantia
2827 2177 3227 2265 doctrinae
3253 2244 3272 2281 ‚
3342 2208 3523 2263 cum

865 2336 1059 2423 utile
1126 2345 1247 2423 est
1322 2341 1530 2449 quod
1594 2336 1984 2422 scribitur.
2052 2338 2370 2422 Interea
2415 2335 2876 2421 caelestium
2919 2366 3336 2423 munerum
3381 2369 3520 2423 au-

866 2498 1163 2609 spicem
1218 2505 1299 2585 et
1361 2506 1734 2610 paternae
1796 2496 2395 2583 benevolentiae
2459 2497 2795 2583 Nostrae
2839 2503 3126 2583 testem
3191 2498 3359 2603 tibi,
3406 2499 3524 2583 di-

869 2659 1073 2745 lecte
1137 2660 1272 2765 fili,
1317 2659 1851 2772 Apostolicam
1935 2658 2594 2745 Benedictionem
2658 2666 3159 2770 peramanter
3222 2659 3303 2743 in
3359 2661 3521 2746 Do-

869 2819 1083 2906 mino
1147 2819 1668 2932 impertimus,

1055 2979 1352 3065 Datum
1460 2982 1761 3066 Romae
1870 2982 2078 3090 apud
2175 2978 2253 3064 S.
2341 2978 2672 3063 Petrum
2779 2979 2906 3065 die
3012 3010 3123 3065 xn
3185 2979 3525 3067 Decem-

872 3140 1036 3226 bris
1100 3170 1304 3228 anno
1347 3171 1907 3245 MDCCCLXXXIV,
1974 3141 2493 3228 Pontificatus
2559 3143 2827 3228 Nostri
2893 3172 3096 3230 anno
3162 3143 3523 3255 septimo.

1857 3462 2062 3549 LEO
2127 3464 2287 3547 ΡΡ.
2360 3465 2589 3548 XIII.
