4497 6714
1180 752 1229 825 8

909 925 915 929 ’
1025 932 1270 1018 crevit
1332 933 1679 1019 fidelium
1743 933 2018 1045 pietas,
2064 935 2417 1043 adeoque
2475 933 2950 1019 desiderium
3015 930 3419 1019 obtinendi
3464 930 3673 1015 illius

1026 1092 1398 1202 reliquias
1464 1101 1786 1179 auctum
1850 1101 1995 1197 est,
2063 1101 2152 1180 ut
2214 1094 2471 1179 dictae
2518 1094 2967 1181 Sodalitatis
3011 1094 3371 1179 alumnos
3421 1092 3679 1178 inces-

1025 1252 1217 1338 serit
1280 1253 1537 1358 timor,
1606 1282 1706 1339 ne
1772 1284 2097 1366 gravem
2141 1255 2402 1340 Patris
2467 1255 2591 1340 sui
2657 1256 2984 1342 exuviae
3050 1252 3681 1339 imminutionem

1026 1411 1447 1522 patiantur.
1517 1414 1774 1518 Quare
1839 1444 1887 1498 a
1948 1413 2235 1500 dilecto
2325 1414 2482 1500 filio
2560 1416 2632 1499 N
2637 1415 2886 1501 icolao
2951 1416 3307 1517 Mauron,
3376 1441 3682 1498 summo

1029 1582 1506 1659 memoratae
1573 1573 2233 1686 Congregationis
2299 1574 2706 1685 Magistro,
2752 1574 3279 1685 supplicatum
3335 1580 3457 1659 est
3522 1573 3683 1657 No-

1028 1732 1174 1836 bis,
1240 1739 1331 1818 ut
1393 1733 1825 1843 pretiosum
1891 1732 2043 1819 hoc
2108 1734 2554 1844 depositum
2618 1734 3118 1821 immediatae
3205 1736 3538 1821 Nostrae
3607 1742 3688 1819 et

1034 1894 1532 2003 Apostolicae
1599 1894 1823 1981 Sedis
1887 1895 2410 1981 iurisdictioni
2498 1926 2588 1982 ae
2652 1896 2951 1982 tutelae
3041 1896 3430 1982 subiicere
3495 1896 3690 1982 veli-

1033 2086 1233 2142 mus.
1302 2057 1546 2143 Hisce
1632 2057 1967 2168 permoti
2053 2058 2422 2168 precibus
2500 2059 2664 2144 Nos
2739 2060 3451 2144 Praedecessorum
3529 2059 3597 2142 N
3606 2086 3691 2143 o-

1038 2226 1379 2304 strorum
1421 2218 1779 2330 vestigiis
1822 2218 2269 2323 haerenteS,
2315 2220 2391 2305 S.
2440 2218 2827 2330 Alphonsi
2864 2220 3158 2306 Mariae
3204 2222 3301 2305 de
3347 2218 3693 2330 Ligerio,

1038 2380 1405 2465 Auctoris
1489 2381 2151 2492 Congregationis
2238 2412 2287 2467 a
2361 2380 2493 2467 SS.
2562 2383 3120 2491 Redemptore,
3187 2380 3263 2465 S.
3332 2377 3698 2491 Agathae

1041 2540 1486 2627 Gothorum
1549 2541 1920 2652 Episcopi
1986 2549 2067 2628 et
2133 2543 2540 2628 Ecclesiae
2607 2542 2996 2646 DoctoriS,
3055 2542 3400 2645 exuviaS,
3466 2549 3699 2651 prout

1040 2702 1427 2789 Nuceriae
1491 2706 1996 2815 Paganorum
2044 2705 2124 2789 in
2169 2704 2528 2790 Ecclesia
2592 2706 2690 2789 ad
2734 2703 3119 2789 honorem
3163 2703 3238 2788 S.
3286 2700 3699 2788 Michaelis

1040 2868 1333 2967 extant,
1401 2862 1735 2948 Nostrae
1801 2870 1881 2948 et
1947 2863 2280 2948 Sanctae
2346 2862 2568 2949 Sedis
2632 2863 3134 2973 Apostolicae
3191 2861 3563 2973 potestati
3608 2891 3698 2946 ac

1038 3021 1507 3131 protectioni
1570 3030 2045 3133 perpetuum
2110 3023 2191 3106 in
2255 3024 2576 3107 modum
2641 3023 3101 3108 subiicimus
3167 3030 3248 3107 et
3303 3023 3698 3109 subiectas

1038 3210 1356 3268 manere
1442 3183 1808 3268 volumus
1896 3190 2133 3292 atque
2222 3183 2627 3269 edicimus.
2716 3183 2932 3267 Nulli
3017 3210 3209 3294 ergo
3285 3180 3696 3267 hominum

1041 3341 1314 3453 quavis
1378 3342 1846 3429 auctoritate
1890 3341 2269 3453 praedito,
2316 3341 2484 3429 sine
2530 3372 2901 3454 expressa
2945 3342 3248 3429 Summi
3291 3342 3696 3430 Pontificis

1038 3504 1376 3590 Romani
1440 3504 1692 3607 venia,
1760 3535 2063 3610 urnam,
2128 3505 2210 3589 in
2279 3534 2433 3616 qua
2475 3512 2794 3592 sanctae
2838 3503 2991 3592 hae
3048 3511 3461 3592 servantur
3505 3535 3697 3592 exu-

1038 3667 1235 3770 viae,
1302 3667 1631 3778 aperire,
1698 3674 1836 3753 aut
1901 3695 2214 3753 sacrum
2278 3668 2490 3751 istud
2545 3667 3015 3790 depositum,
3075 3667 3200 3753 vel
3265 3666 3699 3777 quamlibet

1041 3829 1212 3915 eius
1275 3836 1604 3939 partem,
1672 3825 2024 3940 unquam
2089 3832 2398 3916 auferre
2486 3836 2623 3915 aut
2706 3828 3169 3934 distrahere,
3238 3830 3382 3912 sub
3448 3856 3702 3939 poena

1041 3989 1872 4076 excommunicationis
1908 3990 2113 4075 latae
2147 3989 2586 4076 sententiae
2609 3988 2931 4076 Summo
2955 3987 3317 4075 Pontifici
3344 3990 3701 4073 Romano

1041 4159 1510 4255 reservatae,
1581 4151 1842 4257 liceat,
1912 4154 2576 4261 quemadmodum
2641 4155 2738 4237 de
2806 4150 3107 4237 exuviis
3173 4149 3304 4236 SS.
3368 4149 3704 4236 Ambro-

1042 4312 1162 4415 sii,
1229 4311 1659 4424 Augustini
1724 4320 1806 4398 et
1868 4311 2273 4397 Francisci
2333 4310 2608 4398 Salesii
2654 4312 3115 4412 Doctorum,
3185 4308 3506 4395 Antonii
3550 4310 3704 4393 Pa-

1043 4472 1288 4558 tavini
1354 4479 1435 4559 et
1497 4472 1833 4559 aliorum
1878 4472 2466 4583 quamplurium
2512 4478 2833 4557 cautum
2899 4477 3056 4574 est3
3123 4497 3361 4579 super
3416 4469 3703 4579 quibus

1050 4632 1349 4717 nullam
1415 4632 1797 4743 cuiusque
1871 4631 2025 4718 loci
2093 4631 2480 4717 Ordinarii
2557 4631 2952 4742 propriam
3040 4629 3400 4716 obtinent
3476 4628 3707 4713 iuris-

1049 4791 1496 4879 dictionem.
1581 4795 2015 4904 Propterea
2108 4791 2606 4878 decernimus
2703 4789 2849 4875 has
2944 4790 3288 4877 Litteras
3383 4792 3709 4875 Nostras

1052 4953 1341 5058 firmas,
1406 4954 1703 5039 validas
1770 4960 1850 5041 et
1914 4954 2274 5040 efficaces
2339 4953 2679 5040 existere
2744 4983 2834 5039 ac
2899 4955 3089 5055 fore,
3158 4981 3499 5064 suosque
3542 4952 3711 5064 ple-

1051 5114 1311 5202 narios
1391 5122 1472 5202 et
1535 5116 1890 5229 integros
1969 5116 2303 5203 effectus
2377 5116 2638 5202 sortiri
2726 5124 2807 5202 et
2891 5115 3271 5201 obtinere.
3354 5117 3447 5199 In
3526 5142 3711 5201 con-

1051 5274 1378 5360 trarium
1481 5277 1949 5363 facientibus
1988 5343 2007 5380 ,
2108 5276 2466 5386 quamvis
2561 5276 2883 5387 speciali
2979 5283 3218 5385 atque
3313 5273 3714 5359 individua
