4497 6714
1160 776 1311 854 182

1002 963 1271 1041 sancte
1335 957 1850 1060 retinendam,
1916 956 2343 1068 plurimum
2389 955 2636 1041 valuit
2700 953 3149 1039 auctoritas
3189 955 3435 1036 Fama
3483 979 3652 1035 me-

999 1142 1172 1201 mor
1237 1117 1584 1203 celebrat
1645 1116 1729 1200 in
1790 1116 2063 1227 primis
2130 1116 2566 1203 Concilium
2628 1114 3284 1226 Carthaginiense
3329 1111 3653 1198 tertium

1001 1277 1098 1360 ab
1165 1275 1485 1363 Aurelio
1553 1276 1920 1389 episcopo
2007 1278 2173 1364 viro
2258 1277 2681 1363 fortissimo
2745 1275 3108 1361 habitum
3145 1342 3164 1381 ‚
3233 1302 3388 1386 quo
3476 1304 3654 1359 san-

1000 1436 1295 1523 ctitatis
1359 1438 1819 1551 ingeniique
1887 1440 2010 1529 sui
2076 1439 2348 1525 lumen
2413 1437 2911 1551 Augustinus
2977 1437 3266 1523 attulit.
3314 1485 3435 1500 —
3480 1436 3655 1520 Hu-

1000 1597 1336 1684 iusmodi
1399 1628 1585 1686 vero
1652 1608 1815 1685 tam
1878 1601 2264 1687 salutares
2329 1602 2678 1706 fructus,
2746 1598 3157 1711 Episcopis
3239 1596 3656 1709 Carthagi-

998 1759 1403 1846 niensibus
1468 1760 1792 1847 nitendo
1855 1761 2284 1848 laborando
2369 1768 2784 1873 perceptos
2819 1827 2838 1865 ,
2877 1759 3440 1847 coniunctioni
3515 1787 3655 1871 po-

998 1919 1392 2005 tissimum
1456 1950 1637 2006 cum
1700 1918 1851 2007 hac
1887 1921 2342 2034 Apostolica
2407 1923 2608 2011 Sede
2675 1928 3041 2033 acceptos
3104 1920 3381 2007 referri
3425 1949 3652 2032 opor-

1000 2086 1141 2165 tet.
1212 2080 1414 2166 Oum
1478 2079 1691 2165 enim
1777 2111 1950 2168 esse
2032 2082 2574 2193 intelligerent
2657 2081 2918 2168 divino
3005 2082 3176 2168 iure
3275 2079 3657 2166 constitu-

1001 2248 1175 2326 tum
1241 2249 1332 2327 ut
1396 2241 1755 2329 Ecclesia
1835 2245 2193 2330 Romana
2281 2251 2743 2328 cunctarum
2827 2243 3363 2329 Ecclesiarum
3443 2240 3658 2353 prin-

1003 2430 1189 2514 ceps
1251 2401 1355 2487 sit
1419 2411 1500 2488 et
1563 2398 1946 2514 magistra
1980 2469 1999 2508 ,
2069 2410 2148 2491 et
2212 2394 2617 2514 tamquam
2682 2433 2781 2489 ex
2845 2405 3106 2490 radice
3193 2406 3292 2488 ad
3374 2432 3657 2506 ramoS,

1004 2560 1116 2647 sic
1161 2591 1258 2648 ex
1323 2591 1416 2648 ea
1481 2566 1579 2648 ad
1614 2533 2008 2649 Ecclesias
2074 2564 2432 2675 singulas
2497 2592 2726 2651 omne
2792 2564 3263 2677 principium
3325 2563 3533 2650 vitae
3579 2570 3659 2650 et

1004 2723 1417 2810 viriditatis
1484 2754 1802 2811 manare
1839 2790 1858 2829 ,
1927 2723 2127 2809 nihil
2191 2725 2595 2836 antiquius
2682 2724 2979 2812 habere
3058 2731 3658 2829 consueverunt,

1004 2916 1241 2997 quam
1305 2895 1395 2973 ut
1455 2895 2009 2999 permanerent
2075 2916 2256 2972 cum
2321 2888 2906 2974 successoribus
2967 2887 3182 2973 beati
3216 2887 3434 2973 Petri
3479 2914 3658 2998 per-

1000 3056 1241 3160 petuo
1319 3056 1556 3158 atque
1630 3048 1906 3135 intimo
1983 3078 2195 3136 nexu
2287 3051 2655 3137 devincti.
2747 3050 2970 3155 Quod
3046 3052 3366 3162 quidem
3448 3049 3662 3136 varia

1001 3209 1440 3296 litterarum
1505 3218 2015 3297 monumenta
2050 3277 2069 3316 ‚
2138 3220 2315 3297 acta
2382 3213 2911 3299 Conciliorum
2948 3279 2967 3318 ,
3034 3212 3474 3324 legationes
3562 3214 3659 3297 de

999 3371 1493 3483 gravioribus
1556 3373 1900 3484 negotiis
1944 3376 2042 3457 ad
2086 3373 2554 3459 Pontificem
2597 3401 3006 3465 romanum
3051 3401 3208 3457 non
3250 3399 3426 3456 raro
3473 3370 3658 3456 mis-

998 3561 1157 3634 sae,
1222 3533 1842 3644 nominatimque
1908 3533 2171 3645 Optati
2237 3541 2318 3619 et
2384 3533 2744 3644 Cypriani
2810 3534 3185 3645 epistolae
3230 3532 3454 3645 gravi
3517 3561 3656 3616 au-

1000 3693 1382 3778 ctoritatis
1468 3697 1812 3805 pondere
1908 3701 2323 3780 testantur.
2404 3693 2666 3804 Atque
2732 3694 2927 3778 illud
3013 3702 3134 3779 est
3220 3702 3659 3781 memoratu

1003 3854 1357 3965 dignum,
1427 3858 1636 3964 quod
1702 3851 2087 3942 eiusmodi
2132 3855 2214 3939 in
2261 3855 2794 3967 Apostolicam
2861 3855 3147 3942 Sedem
3196 3855 3663 3966 obsequium

1000 4043 1158 4100 non
1221 4014 1735 4100 diuturnitate
1780 4014 2156 4126 temporis
2221 4021 2367 4117 est,
2423 4043 2685 4125 neque
2731 4015 3253 4101 formidolosis
3318 4015 3474 4101 illis
3536 4045 3662 4102 re-

998 4205 1176 4260 rum
1245 4175 1884 4262 conversionibus
1948 4174 2470 4261 debilitatum.
2528 4177 2650 4260 Ex
2714 4205 2870 4286 quo
2926 4176 3335 4289 geminum
3398 4177 3664 4262 Africa

996 4336 1470 4423 beneficium
1534 4336 1739 4440 tulit,
1786 4335 2122 4422 alterum
2187 4344 2277 4420 ut
2320 4335 2401 4420 in
2455 4337 2814 4423 maximis
2859 4338 3022 4423 suis
3088 4338 3662 4424 calamitatibus

999 4498 1453 4611 perfugium
1519 4499 1908 4609 quoddam
1976 4504 2057 4583 et
2115 4495 2484 4581 solatium
2548 4496 2630 4581 in
2672 4497 3125 4610 Apostolica
3189 4498 3390 4587 Sede
3456 4529 3662 4586 sem-

999 4688 1141 4771 per
1203 4659 1620 4746 invenerit:
1705 4658 2082 4762 alterum,
2149 4665 2239 4742 ut
2302 4685 2805 4744 romanorum
2873 4659 3348 4745 Pontificum
3411 4660 3662 4772 magi-

1002 4818 1241 4905 sterio
1317 4818 1863 4929 praesidioque
1908 4821 2108 4903 freta
2201 4817 2902 4928 perniciosissimas
2965 4817 3338 4907 haereses
3378 4819 3666 4931 partim

1005 4980 1407 5093 repulerit,
1473 4979 1755 5090 partim
1825 4977 2271 5064 extinxerit.

1192 5140 1347 5228 Sed
1379 5141 1717 5252 spatium
1784 5138 2159 5251 temporis
2202 5138 2419 5225 haud
2481 5141 2705 5227 valde
2750 5140 3273 5254 longinquum
3319 5144 3661 5255 gloriose

1010 5331 1353 5406 emensa,
1421 5329 1984 5388 consenescere
2049 5300 2408 5386 Ecclesia
2471 5300 2837 5388 Africana
2903 5307 3162 5416 coepit
3227 5314 3307 5393 et
3370 5309 3470 5391 ad
3533 5293 3665 5393 ocss
