4497 6714
3144 869 3280 946 161

791 1076 967 1131 oras
1032 1047 1527 1158 appulerunt,
1602 1050 1759 1151 ubi,
1828 1051 1944 1134 uti
2009 1051 2137 1161 pia
2221 1059 2302 1135 et
2388 1052 2711 1159 antiqua
2785 1050 3099 1135 traditio
3176 1048 3442 1153 habet,

787 1214 964 1317 post
1029 1205 1322 1291 Christi
1388 1206 1468 1290 in
1537 1210 1842 1294 caelum
1908 1239 2320 1295 ascensum
2401 1216 2717 1295 sanctus
2784 1212 3116 1296 Iacobus
3179 1211 3442 1297 divino

788 1370 1111 1456 consilio
1182 1371 1612 1481 apostolico
1678 1400 2003 1457 munere
2068 1374 2388 1456 functus
2455 1378 2645 1456 erat.
2696 1371 2817 1455 Ibi
2862 1401 3107 1482 quum
3152 1372 3443 1485 Hispa-

785 1532 1140 1618 niensem
1205 1532 1633 1633 civitatem,
1671 1562 1872 1643 quae
1918 1534 2075 1618 Iria
2120 1532 2396 1618 Flavia
2438 1531 3020 1635 nominabatur,
3068 1533 3442 1619 accessis-

787 1699 986 1795 sent,
1052 1693 1133 1777 in
1199 1694 1596 1804 praediolo
1663 1698 2001 1804 quodam
2068 1724 2386 1780 manere
2452 1696 3443 1799 decreve1·unt,mortales-

785 1881 939 1962 que
1005 1852 1361 1964 Apostoli
1426 1853 1769 1957 exuvias,
1840 1883 2034 1965 quas
2099 1884 2369 1940 secum
2458 1861 2924 1957 avexerant,
3009 1854 3090 1939 in
3178 1864 3444 1967 crypta

782 2042 969 2099 saxo
1052 2017 1360 2101 defossa
1437 2015 1641 2100 intra
1719 2016 2068 2103 loculum
2164 2047 2486 2103 romano
2584 2045 2819 2127 opere
2904 2025 3442 2103 constructum

784 2156 1323 2275 condiderunt,
1412 2206 1898 2288 parvumque
1965 2192 2217 2288 super
2288 2188 2710 2265 erexerunt
2795 2179 3198 2265 sacellum.
3289 2180 3444 2267 Sed

780 2343 1055 2423 exacto
1121 2337 1325 2424 vitae
1392 2368 1625 2425 cursu
1692 2369 1871 2424 cum
1906 2337 2383 2424 Athanasius
2430 2346 2510 2424 et
2587 2337 3046 2426 Theodorus
3109 2348 3438 2427 naturae

781 2500 1372 2606 concessissent,
1422 2499 1849 2604 christiani,
1889 2502 2023 2611 qui
2058 2532 2150 2588 ea
2183 2503 2356 2589 loca
2400 2502 2870 2608 incolebant,
2906 2511 3077 2588 tum
3120 2511 3441 2616 propter

781 2660 1147 2745 eximiam
1180 2664 1277 2746 de
1323 2663 1630 2746 duobus
1679 2662 1865 2746 viris
1923 2662 2394 2773 opinionem,
2462 2671 2632 2747 tum
2698 2691 2798 2748 ne
2865 2661 2950 2746 hi
3004 2693 3049 2748 a
3116 2691 3439 2774 corpore

780 2824 990 2932 quod
1033 2821 1113 2905 in
1158 2821 1317 2907 vita
1359 2831 1627 2908 sancte
1688 2831 2278 2908 asservaverant
2320 2830 2497 2934 post
2540 2830 2876 2908 mortem
2921 2823 3437 2935 seiungeren-

776 2990 927 3086 tur,
947 2986 1218 3069 ambos
1239 2984 1319 3068 in
1341 2987 1617 3069 eodem
1643 2984 2002 3094 sepulcro
2039 2993 2648 3095 composuerunt
2666 3015 3312 3097 unumquemque
3338 2990 3439 3073 ad

778 3146 1136 3259 Apostoli
1180 3148 1409 3235 latus
1446 3198 1567 3212 —
1602 3148 1923 3234 Vexatis
1976 3149 2239 3260 paullo
2284 3157 2462 3260 post
2506 3149 2912 3259 caesisque
2961 3147 3432 3253 christianiS,

776 3308 1253 3420 ubicumque
1298 3317 1685 3394 terrarum
1720 3309 2057 3395 Romani
2090 3312 2613 3421 Imperatores
2647 3310 3274 3417 dominabantur,
3310 3340 3435 3395 sa-

777 3502 998 3556 crum
1030 3473 1481 3585 hypogeum
1517 3472 1832 3557 delituit
1856 3471 2335 3582 aliquandiu.
2362 3473 2655 3557 Verum
2678 3471 2838 3577 ubi,
2863 3471 3434 3582 tranquillitate

776 3643 1026 3746 parta,
1073 3639 1281 3746 apud
1314 3635 1708 3746 Hispanos
1754 3633 2137 3737 homineS,
2187 3633 2322 3744 qui
2373 3633 2794 3745 praecipua
2855 3632 3108 3734 sancti
3165 3631 3433 3718 Iacobi

772 3796 1157 3908 religione
1204 3798 1700 3899 tenebantur,
1748 3797 1845 3880 de
1891 3795 2270 3880 translato
2307 3793 2476 3879 eius
2523 3822 2843 3905 corpore
2879 3795 3086 3878 fama
3116 3821 3432 3904 percre-

769 3958 966 4060 buit,
1035 3960 1133 4042 ad
1197 3958 1648 4068 sepulturae
1746 3956 2004 4040 locum
2105 3983 2532 4039 concursus
2615 3954 2782 4040 fieri
2871 3953 3151 4065 coepit,
3221 3952 3433 4039 haud

772 4119 1055 4205 minori
1120 4122 1446 4205 fortasse
1513 4118 1829 4228 pietatis
1896 4116 2155 4201 studio
2209 4145 2446 4226 quam
2513 4143 2668 4224 quo
2733 4116 3034 4200 Romae
3101 4121 3183 4200 et
3244 4113 3432 4199 alibi

771 4282 1131 4393 sepulcra
1195 4280 1660 4390 Principum
1726 4279 2308 4389 Apostolorum,
2366 4284 2447 4362 et
2509 4276 3187 4383 Hieromartyrum
3252 4303 3431 4361 coe-

771 4443 1101 4529 meteria
1171 4442 1648 4527 visebantur.
1735 4438 2219 4524 Labentibus
2299 4466 2483 4522 vero
2549 4436 2774 4521 annis
2861 4465 3041 4520 cum
3119 4434 3433 4521 barbari

772 4605 1135 4715 primum,
1202 4601 1482 4686 deiude
1550 4599 1852 4684 Arabes
1898 4599 2225 4710 imperio
2291 4602 2694 4708 ductuque
2759 4598 3038 4682 Muzae
3104 4595 3432 4681 invasis-

769 4769 946 4846 sent
991 4760 1069 4844 in
1135 4759 1624 4871 Hispaniam,
1673 4767 1754 4844 et
1796 4788 1928 4845 eas
1992 4758 2457 4870 praesertim
2503 4756 2895 4869 regioneS,
2947 4785 3148 4867 quae
3214 4786 3431 4843 mare

768 4922 1129 5008 adiacent
1206 4920 1502 5006 crebris
1570 4919 2147 5004 incursionibus
2226 4917 2722 5022 divexarent,
2791 4947 3012 5003 sacer
3089 4916 3432 5028 sepulcri

768 5083 1097 5186 loculuS,
1166 5082 1427 5169 exciso
1494 5089 1574 5167 et
1653 5108 1926 5167 everso
1982 5079 2296 5184 sacello,
2378 5081 2525 5164 sub
2605 5079 3011 5164 ruinarum
3073 5079 3281 5164 mole
3348 5076 3429 5161 in

769 5245 1246 5331 obscuritate
1312 5243 1543 5329 latuit
1606 5243 2001 5330 diuturna.
2039 5292 2160 5306 —
2195 5243 2372 5326 Non
2407 5249 2674 5327 tamen
2707 5246 3101 5326 vetustate
3147 5238 3430 5325 oblite-

768 5413 937 5491 rata
1002 5414 1123 5491 est
1187 5409 1395 5517 apud
1472 5405 1865 5515 Hispanos
1931 5403 2129 5489 sacri
2206 5402 2560 5514 pignoris
2625 5399 3026 5486 memoria.
3092 5401 3429 5487 Ineunte

3078 5556 3131 5600 ll
