4497 6714
3147 790 3241 866 15

744 1003 945 1085 quae
1010 975 1093 1059 in
1154 975 1399 1087 ipsius
1464 980 1855 1086 potestate
1922 974 2045 1076 sit,
2114 1001 2424 1082 semper
2488 971 2797 1057 scholas
2864 1001 3058 1082 quas
3124 971 3392 1083 appel-

742 1137 909 1221 lant
970 1146 1232 1225 qve-estas
1294 1138 1421 1223 vel
1486 1157 1819 1239 neutras,
1900 1141 2169 1245 aperte
2250 1134 2670 1238 damnavit,
2750 1132 3067 1218 monitis
3155 1131 3393 1217 etiam

745 1302 981 1405 atque
1048 1295 1287 1381 etiam
1350 1293 2063 1406 patribusfamilias,
2130 1299 2218 1376 ut
2263 1292 2344 1376 in
2386 1320 2472 1377 re
2538 1293 2737 1377 tanti
2801 1290 3180 1376 momenti
3226 1290 3394 1374 ani-

742 1484 962 1539 mum
1026 1458 1526 1541 attenderent
1590 1459 1690 1539 ad
1755 1457 2209 1539 cavendum.
2260 1453 2560 1558 Quibus
2624 1454 2704 1537 in
2769 1455 3006 1538 rebus
3049 1454 3393 1563 parendo

746 1614 1172 1717 Ecclesiae,
1242 1614 1475 1699 simul
1538 1613 1861 1699 utilitati
1902 1620 2248 1725 paretur.
2319 1613 2770 1724 optimaque
2814 1613 3116 1698 ratione
3163 1612 3395 1697 saluti

743 1775 1105 1886 publicae
1174 1776 1629 1862 consulitur.
1700 1776 2017 1861 Etenim
2084 1805 2420 1885 quorum
2483 1776 2738 1887 prima
2801 1743 3018 1860 aetas
3073 1776 3171 1858 ad
3212 1773 3397 1859 reli-

745 1936 1069 2049 gionem
1134 1938 1440 2023 erudita
1504 1966 1662 2023 non
1728 1944 1872 2040 est,
1938 1938 2108 2024 sine
2175 1936 2336 2021 ulla
2402 1936 2853 2047 cognitione
2941 1933 3401 2019 adolescunt

744 2125 1012 2182 rerum
1076 2098 1617 2202 maximarum,
1667 2127 1868 2208 quae
1913 2099 1993 2183 in
2037 2097 2491 2184 hominibus
2534 2097 2745 2182 alere
2809 2095 3192 2182 virtutum
3233 2101 3400 2179 stu-

747 2259 898 2364 dia,
968 2267 1049 2346 et
1113 2261 1508 2377 appetitus
1571 2289 1853 2372 regere
1919 2261 2202 2346 rationi
2271 2260 2701 2347 contrarios
2768 2259 2981 2345 solae
3045 2263 3396 2369 possunt.

750 2418 1211 2506 Cuiusmodi
1276 2421 1458 2507 illae
1523 2429 1708 2506 sunt
1773 2425 1871 2508 de
1937 2423 2109 2509 Deo
2188 2430 2541 2508 creatore
2619 2421 3001 2524 1101101103,
3068 2422 3166 2505 de
3230 2419 3403 2504 Deo

748 2580 1005 2669 iudice
1072 2590 1153 2669 et
1231 2584 1562 2688 vindice,
1644 2586 1741 2669 de
1825 2584 2194 2696 praemiis
2279 2584 2712 2695 poenisque
2796 2583 3120 2669 alterius
3195 2581 3402 2667 vitae

751 2743 1288 2853 expectandiS,
1355 2746 1453 2830 de
1517 2744 1924 2854 praesidiis
1969 2744 2442 2831 caelestibus
2505 2774 2647 2856 per
2691 2747 2956 2830 Iesum
3002 2743 3405 2830 Christum

756 2903 1013 2988 allatis
1079 2907 1177 2989 ad
1240 2904 1377 2989 illa
1441 2904 1610 3015 ipsa
1673 2905 1925 2991 officia
2000 2905 2426 3016 diligenter
2510 2913 2937 3016 sancteque
3003 2907 3403 2991 servanda.

749 3063 898 3148 His
964 3092 1124 3150 non
1188 3064 1550 3176 cognitiS,
1617 3065 1822 3151 male
1889 3095 2079 3149 sana
2144 3065 2399 3151 omnis
2465 3067 2731 3150 futura
2794 3073 2916 3150 est
2969 3064 3408 3149 animorum

753 3225 1100 3310 cultura:
1166 3224 1457 3310 insueti
1522 3226 1621 3309 ad
1684 3225 2238 3311 verecundiam
2306 3225 2455 3311 Dei
2521 3226 3062 3312 adolescentes
3108 3225 3407 3310 nullam

750 3385 955 3471 ferre
1019 3391 1388 3495 poterunt
1451 3383 1784 3472 honeste
1848 3385 2159 3472 vivendi
2226 3386 2742 3498 disciplinam,
2801 3386 3122 3497 suisque
3190 3385 3409 3498 cupi-

751 3543 1129 3629 ditatibus
1192 3543 1390 3629 nihil
1454 3574 1804 3655 unquam
1867 3574 2160 3657 negare
2225 3546 2419 3648 ausi,
2486 3547 2715 3633 facile
2797 3550 2897 3632 ad
2972 3547 3410 3634 miscendas

754 3703 1108 3792 civitates
1171 3706 1754 3817 pertrahentur.

941 3865 1252 3951 Deinde
1317 3865 1453 3950 illa
1518 3844 2032 3952 saluberrima
2097 3896 2350 3977 aeque
2415 3896 2507 3952 ac
2570 3866 3000 3971 verissima,
3048 3897 3250 3978 quae
3315 3871 3415 3953 ad

755 4024 1067 4111 civilem
1132 4027 1593 4113 societatem
1657 4027 2439 4140 vicissitudinemque
2504 4029 2797 4114 iurium
2858 4037 2938 4116 et
2982 4029 3414 4115 officiorum

753 4185 962 4272 inter
1027 4217 1331 4273 sacram
1397 4195 1479 4275 et
1539 4189 1941 4301 politicam
2006 4197 2481 4301 potestatem
2525 4197 2909 4302 spectant.
2959 4239 3079 4254 ·-
3123 4189 3414 4294 Quem-

755 4349 1178 4433 admodum
1243 4348 1456 4434 enim
1521 4351 1724 4435 duae
1790 4356 1975 4435 sunt
2038 4348 2119 4433 in
2185 4349 2418 4435 terris
2501 4349 2921 4437 societates
3002 4349 3416 4454 maximae,

755 4507 1003 4594 altera
1067 4508 1339 4614 civilis,
1408 4509 1631 4594 cuius
1694 4509 2100 4621 proximus
2144 4511 2322 4596 finis
2369 4517 2490 4597 est
2541 4510 2888 4598 humano
2954 4512 3232 4624 generi
3274 4513 3416 4598 bo-

754 4697 946 4753 1111111
1012 4697 1464 4780 comparare
1531 4671 1965 4782 temporale
2023 4680 2104 4757 et
2147 4675 2660 4777 mundanum,
2728 4673 2977 4759 altera
3018 4673 3414 4785 religiosa,

758 4830 981 4916 cuius
1047 4840 1169 4916 est
1232 4829 1593 4917 homines
1660 4835 1759 4917 ad
1821 4860 2089 4918 veram
2153 4833 2371 4918 illam
2438 4832 2898 4919 felicitatem
2960 4837 3417 4944 perducere,

757 4996 857 5077 ad
922 5021 1158 5103 quam
1221 4993 1409 5078 facti
1475 5022 1769 5097 sumuS,
1838 4994 2262 5080 caelestem
2327 5022 2418 5079 ac
2463 4993 3050 5106 sempiternam,
3097 4994 3210 5079 ita
3272 5022 3418 5106 ge-

758 5155 972 5240 mina
1032 5162 1381 5267 potestas
1447 5162 1607 5260 est3
1676 5163 2044 5242 aeternae
2131 5156 2632 5266 naturalique
2719 5157 2884 5269 legi
2960 5157 3419 5243 obedientes

759 5319 1060 5420 ambae,
1142 5325 1222 5403 et
1286 5316 1367 5401 in
1431 5319 1670 5403 rebus
1753 5345 1954 5428 quae
2043 5317 2500 5404 alterutrius
2585 5318 2856 5405 ordine
2930 5281 3418 5433 imperioque
