4497 6714
1208 780 1361 858 186

1048 966 1333 1078 partim
1397 968 1894 1079 respondisse
1962 968 2263 1054 exitum
2297 967 2744 1054 laetamur:
2814 976 3077 1055 cetera
3117 996 3704 1079 responsurum,

1047 1126 1219 1212 Deo
1285 1127 1664 1231 adiutore,
1733 1157 1899 1213 non»
1986 1127 2433 1212 diffidimus.
2500 1129 2705 1212 Nam
2768 1127 3209 1215 Vicariatus
3311 1126 3703 1212 Tunetani

1047 1290 1803 1377 administrationem
1867 1294 2197 1401 adeptus
2272 1290 2935 1403 Archiepiscopus
2970 1288 3459 1401 Algeriensis
3493 1289 3570 1375 S.
3606 1290 3706 1376 R.

1048 1451 1139 1532 E.
1210 1450 1642 1535 Cardinalis
1710 1450 2038 1535 Carolus
2104 1450 2486 1535 Martialis
2562 1450 3003 1561 Lavigerie‚
3050 1451 3149 1534 ad
3203 1446 3707 1560 propagatio-

1050 1638 1232 1695 nem
1298 1609 1479 1695 fidei
1544 1609 2065 1719 stabilemque
2100 1610 2214 1695 rei
2250 1640 2516 1696 sacrae
2564 1609 3206 1696 constitutionem
3239 1608 3358 1693 vir
3395 1606 3706 1718 sapiens

1047 1776 1285 1880 atque
1350 1769 1690 1881 impiger
1753 1769 2101 1853 animum
2166 1770 2496 1881 appulit.
2566 1770 2856 1854 Multas
2919 1797 3046 1856 res
3143 1768 3476 1880 perfecit
3542 1766 3701 1851 uti-

1046 1929 1227 2015 liter
1291 1929 1542 2041 spatio
1607 1928 2022 2041 perbrevi:
2089 1958 2234 2015 nec
2301 1959 2552 2041 pauca
2616 1930 2963 2041 suscepit
3028 1932 3126 2013 ad
3214 1928 3706 2014 excitandam

1052 2120 1095 2177 e
1162 2090 1556 2177 cineribus
1622 2089 1784 2174 suis
1850 2087 2418 2200 Carthaginem
2482 2098 2942 2202 opportuna.
3010 2092 3115 2175 Et
3180 2118 3367 2175 sane
3434 2088 3516 2172 in
3579 2115 3704 2172 re-

1054 2251 1291 2363 gione
1357 2256 1679 2365 Μέθανα
1743 2248 2102 2361 proxime
2169 2280 2214 2334 a
2279 2250 2460 2353 situ,
2510 2279 2747 2360 quem
2782 2250 3211 2362 Cyprianus
3246 2277 3521 2356 cruore
3566 2275 3710 2333 suo

1050 2412 1463 2515 dedicavit,
1532 2440 1678 2497 nec
1724 2411 1961 2522 longe
2034 2413 2455 2496 admodum
2521 2443 2567 2496 a
2630 2411 2803 2498 loco
2870 2413 3322 2524 sepulturae
3370 2410 3563 2514 eius,
3629 2409 3711 2493 in

1050 2574 1239 2686 ipsis
1304 2572 1551 2657 ruinis
1618 2571 2410 2683 Carthaginiensibus
2475 2576 2710 2660 aedes
2745 2572 3227 2684 episcopales
3273 2602 3453 2657 cum
3497 2570 3713 2657 aedi-

1055 2734 1233 2820 cula
1298 2734 1691 2825 extruxit:
1758 2733 2027 2843 ibique
2094 2734 2411 2819 accolae
2457 2740 2538 2819 et
2579 2733 2915 2834 finitimi,
2961 2733 3420 2844 pracsertim
3468 2759 3712 2841 egen-

1050 2903 1171 2982 tes
1236 2902 1316 2981 et
1415 2893 1902 2995 calamitosi,
1969 2893 2464 2979 miseriarum
2561 2893 2929 2979 solatium
3027 2893 3375 3002 quotidie
3461 2920 3704 3001 repe-

1050 3054 1288 3139 riunt.
1357 3055 1869 3162 Presbyteros
1934 3051 2015 3137 in
2083 3052 2255 3163 ipsa
2318 3054 2550 3139 domo
2618 3052 3072 3165 episcopali,
3139 3052 3490 3163 itemque
3554 3053 3715 3135 Tu-

1051 3215 1269 3316 neti,
1337 3214 1670 3325 aliisque
1768 3213 2211 3301 Vicariatus
2298 3213 2966 3325 frequentioribus
3029 3213 3222 3299 locis
3299 3215 3398 3298 ad
3461 3212 3717 3298 officia

1051 3379 1555 3466 sacerdotalis
1619 3378 1967 3464 muneris
2033 3379 2396 3464 obeunda
2463 3378 2922 3464 constituit:
2991 3377 3277 3489 quibus
3310 3376 3499 3488 ipsis
3545 3377 3715 3463 offi-

1055 3541 1195 3628 ciis
1260 3540 1565 3626 sodales
1632 3539 2175 3625 Franciscales
2247 3538 2608 3652 Capulati
2697 3543 2882 3624 dare
2971 3568 3292 3651 operam
3388 3545 3713 3625 strenue

1052 3709 1581 3816 perseverant.
1650 3703 1745 3785 In
1809 3700 2169 3812 regione,
2239 3730 2441 3810 quae
2508 3706 2768 3814 Byrsa
2851 3700 3126 3804 audit,
3195 3699 3720 3789 Seminarium

1057 3862 1710 3975 Carthaginiense
1798 3860 2204 3946 condidit:
2292 3860 2517 3946 cuius
2594 3861 2890 3945 alumni
2978 3861 3058 3945 in
3146 3890 3394 3948 novae
3480 3859 3721 3946 Dice-

1057 4024 1256 4109 cesis
1344 4052 1567 4134 spem
1654 4028 2260 4107 succrescentes
2347 4023 2446 4105 ad
2539 4019 3028 4133 theologiam
3063 4087 3082 4126 ,
3180 4023 3314 4142 ad!
3373 4019 3721 4132 philoso-

1054 4184 1375 4298 phiam,
1444 4186 1543 4267 ad
1605 4181 2112 4267 humaniores
2180 4181 2485 4267 litteras
2549 4181 3011 4268 idoneorum
3090 4185 3502 4268 doctorum
3568 4211 3706 4266 cu-

1056 4345 1165 4430 ris
1228 4342 1842 4456 magisterioque
1911 4341 2402 4428 erudiuntur.
2470 4341 2595 4424 Ad
2658 4342 3076 4428 Paroecias
3140 4342 3510 4452 pristinas
3576 4371 3718 4428 no-

1054 4535 1190 4592 vas
1255 4503 1611 4589 adiunxit
1673 4530 1829 4587 non
1892 4530 2235 4614 paucas:
2302 4530 2702 4612 unamque
2768 4530 2865 4588 ex
2930 4503 3026 4588 iis
3070 4503 3152 4587 in
3197 4502 3487 4589 sacello
3533 4531 3719 4590 con-

1061 4664 1375 4768 stituit,
1445 4664 1656 4774 quod
1719 4693 1766 4748 a
1831 4669 2101 4748 sancto
2166 4662 2568 4749 Ludovico
2634 4675 3179 4775 nuncupatur,
3247 4693 3340 4750 eo
3405 4665 3575 4775 ipso
3639 4664 3720 4749 in

1058 4828 1232 4914 loco
1294 4829 1503 4912 unde
1566 4855 1708 4912 rex
1771 4824 2308 4937 pientissimus
2352 4827 2449 4910 ab
2494 4825 2645 4912 hac
2686 4828 3072 4914 brevitate
3115 4828 3322 4915 vitae
3368 4831 3466 4914 ad
3510 4859 3717 4916 sem-

1064 4986 1374 5100 piterna
1436 4985 1519 5070 in
1585 4985 1821 5072 caelis
1883 4987 2093 5070 bona
2158 4987 2659 5072 evocabatur.
2741 4989 3167 5074 Praeterea
3248 4986 3720 5100 hospitalem

1066 5149 1387 5232 domum
1451 5152 1860 5232 senectute
1925 5153 2006 5231 et
2073 5153 2432 5257 egestate
2498 5147 2914 5235 coniuncto
2959 5148 3455 5236 incommodo
3499 5149 3719 5236 labo-

960 5338 973 5354 ·
1062 5308 1442 5414 rantibus:
1506 5307 2166 5394 valetudinarium
2231 5338 2519 5419 aegrae
2586 5310 2798 5422 plebi
2866 5315 3297 5397 curandae:
3365 5311 3719 5397 aedificia
