4497 6714
3109 832 3257 909 163

763 1007 935 1085 ctus
979 1012 1356 1107 maneret,
1405 1012 1484 1088 et
1529 1004 1722 1088 illud
1765 1014 2179 1116 properata
2223 1006 2625 1093 molitione
2692 1010 3139 1096 absolutum
3184 1012 3408 1124 regio

760 1170 1081 1274 sumptu
1146 1165 1574 1250 exornavit.

944 1325 1306 1410 Exeunte
1380 1327 1693 1412 saeculo
1761 1332 1840 1412 X
1905 1330 2277 1415 efferatae
2365 1328 2715 1414 Arabum
2781 1331 3072 1443 copiae,
3141 1364 3411 1420 rursus

759 1484 839 1568 in
903 1486 1363 1596 Hispaniam
1429 1487 1858 1600 irruptione
1922 1492 2162 1594 facta,
2254 1491 2536 1602 oppida
2601 1493 3003 1602 complura
3066 1494 3412 1606 diripue-

757 1656 964 1753 runt,
1011 1680 1102 1736 ac
1148 1680 1435 1763 magna
1482 1652 1769 1737 civium
1837 1654 2046 1739 edita
2090 1661 2383 1765 strage,
2453 1654 2712 1739 omnia
2759 1656 2961 1741 ferro
3016 1663 3096 1741 et
3140 1656 3410 1742 incen-

754 1810 904 1895 diis
948 1818 1377 1901 vastarunt.
1443 1814 2067 1900 Nefandissimus
2131 1815 2449 1900 Emirus
2500 1814 2938 1922 Almansor,
2994 1846 3230 1927 quem
3286 1846 3412 1903 se·

753 1970 1005 2080 pulcri
1068 1972 1317 2058 sancti
1381 1975 1647 2060 Iacobi
1735 1975 1994 2060 cultus
2061 2004 2218 2060 non
2283 1976 2660 2080 latuerat,
2728 1980 2826 2061 ad
2890 1978 3410 2090 direptionem

754 2140 834 2218 et
898 2134 1386 2223 eversionem
1450 2137 1801 2222 animum
1852 2139 2008 2223 iam
2072 2138 2554 2245 intenderat3
2624 2142 2834 2249 quod
2898 2140 2965 2225 si
3028 2143 3407 2252 perficere

752 2295 1160 2405 potuisset,
1228 2297 1658 2382 maximum
1742 2298 2277 2409 Hispanorum
2363 2299 2883 2410 praesidium,
2965 2308 3044 2386 et
3109 2300 3188 2385 in
3255 2330 3410 2411 quo

754 2463 921 2540 erat
986 2485 1257 2543 eorum
1323 2487 1501 2570 spes
1568 2459 1845 2561 omniS,
1912 2487 2086 2545 sese
2152 2467 2792 2571 expugnaturum
2857 2461 3406 2546 arbitrabatur.

754 2616 1242 2730 Quapropter
1307 2619 1424 2720 iis,
1495 2648 1691 2729 quos
1756 2620 2283 2730 praedonibus
2359 2621 2522 2705 suis
2585 2623 3090 2731 praefecerat,
3158 2620 3409 2733 impe-

749 2788 871 2864 rat
935 2781 1548 2891 Compostellam
1613 2791 1830 2868 recta
1894 2783 2518 2903 proficiscantur,
2589 2786 2865 2869 urbem
2930 2782 3406 2887 adoriantur,

750 2942 1132 3053 templum
1200 2950 1281 3028 et
1345 2973 1566 3028 sacra
1644 2944 1904 3029 omnia
1967 2946 2260 3029 dedant
2338 2944 2508 3056 igni
2571 2945 2927 3030 delenda.
3019 2943 3125 3028 At
3186 2944 3407 3028 Deus

751 3115 1112 3193 exortum
1178 3107 1334 3192 iam
1401 3115 1481 3193 et
1524 3107 1914 3219 dilapsum
1979 3108 2429 3194 incendium
2475 3111 2574 3193 ad
2637 3109 3099 3220 presbyterii
3164 3107 3406 3195 limen

748 3270 1144 3375 restinxit,
1213 3279 1293 3357 et
1357 3270 1899 3357 Almansorem
1977 3271 2306 3382 eiusque
2386 3271 2646 3383 copias
2725 3271 2971 3356 foedis
3048 3268 3404 3356 tormini-

748 3435 895 3518 bus
961 3434 1392 3546 percussit,
1462 3435 1746 3544 quibus
1823 3434 2164 3520 divexati
2243 3434 2772 3546 Compostella
2847 3433 3401 3536 discesserunt,

751 3603 831 3680 et
893 3596 1057 3682 fere
1135 3624 1409 3680 omnes
1496 3624 1676 3679 cum
1772 3593 2233 3680 Almansore
2300 3594 2560 3678 subita
2639 3600 2891 3679 morte
2939 3592 3398 3702 perierunt.

749 3805 871 3820 -
914 3759 1311 3841 Extabant
1375 3754 1632 3841 adhuc
1677 3756 1924 3865 sparsi
1991 3755 2196 3840 circa
2238 3754 2691 3867 hypogeum
2738 3753 3039 3839 cineres
3091 3751 3401 3837 hostilis

749 3915 1174 4001 ferocitatis
1236 3915 1640 4025 reliquiae,
1707 3915 1948 4000 divini
2012 3914 2380 4026 praesidii
2445 3918 3031 4000 documentum.
3102 3912 3400 4017 Quibus

750 4106 793 4161 e
867 4077 1090 4161 malis
1157 4076 1293 4161 ubi
1377 4105 1462 4160 se
1529 4076 1849 4160 emersit
1892 4075 2296 4186 Hispania,
2346 4074 2920 4184 Compostellae
2965 4073 3402 4184 Episcopus

748 4239 1093 4325 Didacus
1157 4239 1466 4342 Pelaez,
1532 4237 1611 4321 in
1676 4236 1864 4348 ipsis
1929 4237 2345 4322 ruderibus
2398 4236 2686 4322 veteris
2750 4235 3026 4345 templi
3072 4235 3400 4346 amplio-

745 4428 912 4484 rem
977 4402 1255 4486 aedem
1319 4400 1415 4482 ab
1480 4397 1847 4483 inchoato
1914 4396 2306 4498 excitavit,
2355 4425 2593 4506 quae,
2642 4426 2686 4480 a
2751 4395 3165 4507 posteriori
3208 4395 3398 4506 Epi-

749 4589 983 4671 scopo
1079 4560 1377 4644 Didaco
1465 4558 1861 4644 Gelmirez
1955 4557 2479 4669 splendidiore
2546 4557 2764 4641 cultu
2811 4562 2931 4662 ¹et
2994 4555 3403 4641 maiestate

748 4731 1002 4824 aucta,
1039 4723 1427 4808 Basilicae
1494 4721 1809 4807 nomine
1876 4729 1955 4806 et
1998 4721 2168 4806 iure
2234 4722 2521 4806 donata
2585 4726 2729 4807 est.
2776 4717 3037 4803 Huius
3079 4718 3403 4830 Episco-

745 4883 824 4994 pi
888 4883 1308 4995 praecipua
1373 4912 1561 4968 cura
1626 4881 1773 4966 fuit
1837 4911 2096 4966 sacras
2159 4880 2534 4991 reliquias
2599 4879 2748 4965 sibi
2792 4879 3117 4964 traditas
3181 4908 3404 4966 reco-

747 5072 1156 5155 gnoscere,
1225 5052 1305 5129 et
1371 5047 1654 5128 educto
1722 5041 1801 5125 in
1867 5040 2203 5126 sublime
2268 5040 2592 5152 pariete,
2659 5040 3011 5127 loculum
3053 5039 3403 5127 inacces-

750 5234 925 5290 sum
988 5207 1339 5290 reddere.
1410 5203 1625 5308 Quae
1691 5203 1897 5288 inter
1961 5205 2270 5312 agenda
2335 5230 2434 5286 ex
2497 5200 2738 5287 sacris
2802 5200 3109 5285 ossibus
3160 5199 3403 5311 parti-

748 5367 1005 5452 culam
1072 5370 1487 5478 quamdam
1552 5365 1972 5451 dissociare
2037 5393 2195 5450 non
2261 5363 2670 5467 dubitavit,
2737 5391 3070 5472 eamque
3132 5370 3404 5450 sancto
