4497 6714
3040 811 3178 889 141

1621 1163 1775 1294 ΙΝ
1776 1159 2434 1292 STRUOTIO

1423 1553 1484 1609 S.
1554 1548 2212 1609 CONGREGATIONIS
2280 1547 2614 1606 CONCILII

1222 1715 1324 1770 DE
1391 1713 1684 1770 TITULIS
1752 1710 2102 1778 ALIISQUE
2169 1708 2500 1765 HONORIS
2567 1709 2810 1765 SIGNIS

1049 1876 1327 1946 QUIBUS
1392 1872 1947 1932 ECCLESIASTICI
2012 1871 2171 1926 VIRI
2236 1869 2620 1926 DECORARI
2665 1868 2952 1925 SOLENT

1198 2519 1298 2575 AD
1366 2518 1619 2574 OMNES
1684 2516 2084 2575 CATHOLICI
2150 2515 2368 2573 ORBIS
2432 2517 2857 2575 EPISCOPOS.

692 2869 1102 3031 Quamvis
1192 2934 1766 3023 ecclesiasticos
1862 2934 2070 3020 viros
2155 2933 2496 3020 maxime
2582 2937 2859 3021 deceat
2954 2933 3342 3024 humanos

686 3096 1028 3185 honores
1091 3125 1247 3182 non
1315 3124 1716 3206 quaerere,
1764 3097 1901 3180 sed
1968 3098 2065 3181 de
2128 3094 2562 3181 benefactis
2624 3094 3227 3182 retributionem
3292 3127 3339 3181 a

685 3258 1026 3344 Domino
1059 3257 1291 3343 unice
1359 3262 1798 3369 expectare,
1848 3283 2326 3341 consuevere
2361 3263 2628 3341 tamen
2661 3256 3065 3341 Ecclesiae
3100 3258 3342 3343 Prae-

688 3423 899 3508 sules
964 3420 1239 3524 titulis,
1307 3418 1849 3532 dignitatibus,
1917 3418 2250 3529 aliisque
2315 3416 2636 3504 honoris
2690 3418 2939 3530 signis
3006 3448 3139 3506 eos
3204 3421 3345 3505 de-

689 3610 981 3685 corare,
1018 3581 1177 3692 qui,
1222 3608 1409 3692 prae
1444 3579 1799 3682 caeteriS‚
1836 3582 1933 3664 de
1997 3607 2083 3665 re
2130 3577 2558 3664 christiana
2589 3588 3085 3666 meruerunt:
3152 3583 3342 3666 dum

690 3743 900 3830 enim
962 3743 1571 3855 praestantiores
1638 3739 2145 3843 honorantur,
2199 3741 2576 3827 virtutem
2641 3770 2733 3826 ac
2797 3741 3208 3827 scientiam
3271 3742 3352 3826 in

688 3934 978 4018 magno
1022 3905 1274 4018 pretio
1320 3933 1491 3992 esse
1536 3902 1941 3990 habendas
2007 3903 2472 4006 ostenditur,
2541 3911 2621 3988 et
2674 3902 2992 3988 insimul
3037 3903 3350 3990 desides

694 4070 792 4153 ad
828 4070 1293 4154 currendam
1356 4066 1563 4153 viam
1606 4064 1929 4151 Domini
1993 4064 2459 4151 excitantur.

875 4227 1022 4313 Ast
1054 4256 1211 4314 non
1275 4254 1450 4345 raro
1516 4224 1802 4331 evenit,
1848 4225 2096 4312 veluti
2160 4224 2520 4311 nonnulli
2566 4224 2939 4338 Episcopi
3003 4255 3350 4338 conque-

691 4387 793 4474 sti
857 4395 1079 4492 sunt,
1164 4393 1254 4471 ut
1336 4389 1527 4471 dum
1608 4388 2056 4471 sacerdotes
2083 4451 2103 4488 ,
2184 4391 2447 4471 aetate
2513 4414 2605 4470 ac
2684 4385 2897 4471 omni
2971 4385 3352 4471 virtutum

690 4577 985 4661 genere
1049 4547 1520 4651 venerandi,
1597 4553 1864 4632 amant
1944 4546 2232 4633 nesciri
2298 4553 2379 4633 et
2443 4575 2584 4658 pro
2651 4544 2899 4634 nihilo
2978 4547 3350 4659 reputari,

694 4708 1041 4795 iuniores
1106 4715 1189 4795 et
1254 4707 1387 4819 qui
1452 4737 1729 4821 parum
1804 4705 2063 4792 adhuc
2128 4713 2266 4791 aut
2332 4704 2530 4791 nihil
2596 4706 2678 4791 in
2743 4707 3147 4795 Ecclesiae
3209 4711 3352 4795 bo-

694 4899 887 4955 num
953 4869 1457 4956 contulerunt
1520 4867 1950 4980 dignitates
2015 4873 2436 4979 appetant,
2515 4866 2860 4979 insignia
2921 4867 3353 4980 titulosque

695 5031 1025 5118 inhient.
1091 5033 1197 5116 Et
1229 5029 1367 5115 ubi
1432 5030 1649 5114 nulla
1713 5057 1892 5141 spes
1941 5027 2096 5113 illis
2159 5027 2513 5115 adrideat
2575 5026 2775 5114 haec
2820 5027 3081 5114 omnia
3145 5032 3355 5142 apud

696 5221 881 5279 suos
914 5191 1296 5296 obtinere,
1343 5198 1709 5279 externos
1775 5189 2270 5275 circumeunt
2302 5192 2694 5294 PastoreS,
2755 5189 2890 5300 qui
2935 5189 3355 5301 aliquando

696 5354 1008 5468 decepti
1051 5383 1324 5442 eorum
1389 5360 1570 5441 vota
1633 5352 1861 5440 facile
1909 5352 2334 5465 excipiunt.
2406 5351 2576 5457 Quo
2623 5353 3080 5464 saepissime
3147 5352 3352 5438 acci-
