4497 6714
1298 795 1443 872 126

1134 979 1296 1080 des,
1363 978 1689 1064 adiectis
1756 945 2110 1081 Litaniis,
2179 979 2532 1090 quotidie
2615 978 3088 1065 recitentur:
3159 980 3368 1088 quod
3432 977 3496 1063 si
3563 1007 3793 1064 mane

1132 1138 1291 1243 fiat,
1360 1169 1672 1224 sacrum
1726 1141 1931 1226 inter
1994 1170 2271 1250 preces
2334 1145 2798 1252 peragatur3
2836 1140 2902 1224 si
2935 1138 3488 1249 pomeridianis
3550 1137 3792 1241 horiS,

1134 1298 1725 1387 Sacramentum
1792 1310 2222 1413 augustum
2268 1304 2366 1386 ad
2408 1304 2889 1387 adorandum
2952 1307 3456 1412 proponatur,
3504 1299 3788 1386 deinde

1133 1460 1268 1570 qui
1334 1459 1723 1547 intersunt
1785 1462 1935 1548 rite
1999 1463 2457 1548 lustrentur.
2526 1463 2904 1573 Optamus
2971 1467 3262 1563 autem,
3329 1469 3418 1546 ut
3483 1461 3783 1547 Sodali-

1131 1625 1335 1706 tates
1401 1621 1885 1708 Sanctissimi
1949 1622 2261 1707 Rosarii
2325 1622 2760 1707 solemnem
2825 1650 3238 1733 pompam,
3307 1620 3788 1732 ubicumque

1129 1811 1271 1893 per
1335 1783 1602 1869 civiles
1683 1784 1906 1895 leges
1971 1784 2051 1867 id
2116 1782 2431 1885 sinitur,
2520 1782 2838 1868 vicatim
2921 1782 3282 1894 publicae
3369 1782 3786 1895 religionis

1135 1972 1370 2028 causa
1436 1946 1750 2029 ducant.

1317 2107 1429 2193 Ut
1492 2135 1677 2192 vero
1744 2105 2217 2192 christianae
2282 2105 2558 2217 pietati
2647 2105 3028 2192 caelestes
3120 2106 3525 2193 Ecclesiae
3607 2105 3786 2193 the-

1129 2266 1342 2351 sauri
1405 2267 1955 2370 recludantur,
2026 2266 2576 2378 Indulgentias
2642 2265 3032 2378 singulas,
3077 2360 3078 2363 a
3121 2296 3316 2377 quas
3381 2268 3787 2378 superiore

1129 2455 1333 2513 anno
1421 2427 1687 2539 largiti
1770 2457 2064 2530 sumus,
2144 2455 2637 2513 renovamus,
2727 2427 3105 2513 Omnibus
3193 2427 3561 2514 videlicet
3651 2429 3787 2540 qui

1129 2587 1354 2672 statis
1419 2587 1697 2674 diebus
1760 2588 2123 2699 publicae
2207 2587 2518 2672 Rosarii
2603 2587 3045 2673 recitationi
3110 2587 3634 2692 interfuerint,
3703 2598 3783 2676 et

1129 2751 1229 2833 ad
1293 2756 1642 2834 mentem
1707 2750 2076 2834 Nostram
2143 2748 2559 2850 oraverint,
2629 2755 2709 2834 et
2771 2746 2897 2833 his
2961 2749 3255 2860 pariter
3318 2750 3453 2860 qui
3518 2749 3785 2862 legiti-

1128 2940 1257 2995 ma
1320 2940 1557 2997 causa
1589 2910 1943 3022 impediti
2006 2910 2372 3020 privatim
2415 2908 2616 2995 haec
2681 2910 3014 3021 egerint,
3052 2917 3356 3022 septem
3402 2941 3785 2997 annorum

1127 3071 1475 3184 itemque
1542 3081 1846 3183 septem
1891 3075 2575 3183 quadragenarum
2639 3073 2849 3182 apud
2889 3072 3152 3156 Deum
3211 3072 3785 3184 indulgentiam

1127 3233 1465 3346 singulis
1546 3234 1865 3320 vicibus·
1933 3234 2458 3320 concedimus.
2547 3233 2685 3318 Eis
2765 3261 2950 3319 vero
3030 3232 3165 3343 qui
3249 3262 3486 3343 supra
3573 3235 3783 3321 dicto

1125 3402 1479 3507 tempore
1546 3396 1808 3481 decies
1893 3395 2176 3482 saltem
2238 3396 2365 3481 vel
2430 3396 2746 3506 publice
2811 3395 2894 3479 in
2956 3394 3297 3505 templiS,
3364 3396 3489 3483 vel
3555 3396 3782 3483 iustis

1125 3561 1223 3643 de
1289 3558 1545 3644 causis
1608 3558 1815 3644 iuter
1879 3558 2352 3645 domesticos
2407 3558 2748 3669 parietes
2813 3559 3092 3644 eadem
3155 3558 3636 3670 peregerint,
3703 3566 3784 3644 et

1126 3720 1542 3806 criminum
1608 3720 2096 3806 confessione
2161 3719 2451 3830 expiati
2528 3725 2799 3804 sancta
2862 3721 2959 3804 de
3026 3719 3253 3803 altari
3318 3718 3779 3823 libaverint,

1122 3881 1555 3994 plenariam
1618 3882 2137 3967 admissorum
2200 3880 2511 3966 veniam
2577 3882 2674 3964 de
2720 3879 3124 3966 Ecclesiae
3193 3879 3567 3966 thesauro
3631 3881 3780 3966 im-

1121 4043 1528 4155 pertimus.
1595 4044 2149 4129 Plenissimam
2213 4040 2420 4126 hanc
2486 4043 3004 4128 admissorum
3068 4042 3381 4129 veniam
3448 4050 3529 4129 et
3591 4073 3784 4154 poe-

1122 4233 1402 4288 narum
1465 4201 2008 4316 remissionem
2070 4201 2197 4287 his
2243 4201 2606 4288 omnibus
2673 4204 2912 4288 etiam
2975 4203 3386 4314 largimur,
3458 4204 3592 4314 qui
3656 4203 3781 4291 vel

1128 4366 1297 4478 ipso
1360 4369 1642 4453 beatae
1707 4364 2056 4476 Virginis
2122 4393 2169 4447 a
2213 4361 2545 4448 Rosario
2591 4363 2718 4449 die
2783 4366 3008 4468 fest0,
3075 4364 3202 4450 vel
3270 4364 3623 4475 quolibet
3687 4395 3784 4453 ex

1124 4533 1301 4612 octo
1365 4525 1991 4636 insequentibus,
2060 4524 2301 4609 animi
2383 4526 2653 4610 sordes
2720 4525 3057 4610 eluerint
3122 4533 3203 4612 et
3267 4526 3531 4612 divina
3596 4556 3781 4614 con-

1122 4685 1326 4772 vivia
1372 4693 1640 4771 sancte
1708 4683 2303 4787 celebraverint,
2356 4691 2436 4769 et
2499 4684 2793 4796 pariter
2858 4689 2956 4770 ad
3000 4693 3348 4772 mentem
3414 4688 3783 4786 Nostram

1120 4846 1201 4930 in
1268 4845 1532 4956 aliqua
1596 4874 1818 4929 sacra
1883 4847 2076 4930 aede
2122 4845 2296 4930 Deo
2363 4851 2443 4931 et
2488 4845 3028 4931 sanctissimae
3094 4845 3263 4931 eius
3298 4847 3532 4931 Matri
3595 4877 3783 4960 sup-

1124 5007 1608 5120 plicaverint.

1306 5165 1415 5249 Iis
1460 5165 1800 5275 denique
1867 5166 2314 5250 consultum
2348 5166 2704 5253 volentes
2772 5169 2907 5278 qui
2971 5167 3135 5253 ruri
3171 5168 3448 5254 vivunt
3496 5175 3576 5253 et
3608 5169 3782 5280 agri

1125 5322 1493 5425 cultione,
1540 5325 1959 5436 praecipue
2026 5326 2328 5411 octobri
2395 5357 2689 5432 mense,
2738 5328 3235 5434 distinentur,
3276 5330 3778 5415 concedimus
