4497 6714
1162 806 1309 885 196

1999 1158 2666 1291 EPISTOLA

2034 1514 2359 1575 DILECTO
2425 1513 2627 1573 FILIO

1776 1674 2233 1733 ALEXANDRO
2299 1676 2523 1731 PIDAL
2588 1677 2635 1731 Y
2702 1675 2889 1732 MON.

2566 1834 2968 1893 MATRITUM

1894 2302 2155 2396 LEO
2224 2302 2424 2396 ΡΡ.
2497 2302 2779 2398 XIII.

2064 2712 2390 2769 DILECTE
2456 2714 2610 2769 FILI

1430 2872 1777 2930 SALUTEM
1840 2874 1936 2928 ET
2002 2872 2521 2930 APOSTOLICAM
2585 2873 3239 2931 BENEDICTIONEM.

1016 3188 1363 3348 Quanto
1407 3256 1697 3343 Noster
1741 3255 1820 3340 in
1866 3264 2223 3341 sanctum
2268 3255 2651 3341 Thomam
2696 3256 3177 3367 Aquinatem
3242 3256 3490 3341 maior
3547 3263 3668 3341 est

1014 3449 1254 3524 amor,
1320 3427 1540 3506 tanto
1606 3418 2053 3528 accepimus
2120 3418 2495 3504 libentius
2559 3426 2789 3504 tuum
2852 3422 2950 3505 de
3019 3418 3217 3504 tanti
3281 3418 3425 3504 viri
3481 3417 3664 3520 vita,

1014 3582 1393 3685 doctrina,
1440 3580 2017 3692 multiplicique
2084 3579 2376 3665 virtute
2425 3580 3119 3665 Commentarium.
3158 3582 3252 3664 In
3288 3609 3443 3691 quo
3478 3608 3666 3664 sano

1017 3742 1398 3855 quidquid
1462 3748 1581 3827 est
1634 3772 1679 3826 a
1724 3749 1801 3827 te
1858 3740 2317 3851 diligentiae
2383 3740 2728 3852 positum
2773 3747 2853 3827 et
2898 3741 3209 3844 laboris,
3246 3741 3667 3825 iucundam

1014 3903 1260 3990 habet
1324 3902 2085 4004 remunerationem,
2153 3930 2301 3987 nec
2366 3901 2621 3986 solum
2687 3930 2783 3988 ex
2847 3901 3116 4007 laude,
3185 3930 3422 4012 quam
3485 3902 3666 3987 inde

1015 4075 1095 4152 te
1160 4064 1584 4151 verisimile
1668 4069 1789 4149 est
1853 4062 2191 4173 cepisse,
2260 4065 2399 4147 sed
2465 4063 2705 4148 etiam
2771 4092 2868 4148 ex
2935 4070 3245 4174 sperata
3325 4064 3668 4151 utilitate

1016 4224 1436 4311 communi.
1483 4225 1661 4310 Non
1728 4223 1940 4310 enim
1984 4223 2459 4328 dubitamus,
2508 4223 2697 4333 quin
2761 4223 2985 4309 labor
3048 4223 3196 4310 iste
3241 4232 3426 4310 tuus
3490 4253 3670 4337 pro-

1014 4386 1255 4472 fuerit
1318 4385 1671 4495 itemque
1718 4385 1796 4468 in
1841 4391 2250 4495 posterum
2314 4386 2770 4495 profuturus
2837 4384 2940 4469 sit
2997 4384 3460 4471 nominatim
3522 4385 3671 4469 Hi-

1015 4547 1302 4659 spaniS,
1368 4545 1503 4656 qui
1568 4545 2029 4631 memoriam
2094 4547 2462 4628 adamant
2544 4543 2909 4630 Doctoris
2987 4543 3377 4656 Angelici,
3447 4551 3526 4630 et
3591 4543 3671 4628 in

1015 4707 1303 4818 quibus
1366 4705 1850 4791 Thomistica
1889 4704 2499 4817 philosophandi
2564 4705 2763 4791 ratio
2830 4713 3261 4791 sectatores
3306 4704 3670 4818 ingenio-

1022 4897 1147 4953 sos
1213 4874 1293 4953 et
1356 4869 1628 4952 doctos
1693 4866 1905 4951 omni
1993 4873 2350 4978 tempore
2433 4866 2756 4951 invenit.
2859 4866 3030 4971 Qua
3092 4895 3178 4952 re
3244 4864 3445 4951 nihil
3509 4869 3675 4955 fere

1021 5028 1269 5114 Nobis
1332 5035 1592 5139 potest
1636 5027 1978 5139 optatius
2046 5027 2543 5138 contingere:
2610 5057 2844 5138 saepe
2900 5027 3110 5113 enim
3178 5035 3258 5114 et
3302 5058 3458 5115 non
3525 5058 3681 5113 una

1020 5189 1324 5275 ratione
1369 5187 1960 5291 declaravimUS,
1999 5188 2273 5297 quanti
2321 5191 2419 5273 ad
2464 5187 2950 5274 incrementa
2994 5187 3434 5273 studiorum
3477 5188 3679 5301 opti-

1026 5378 1333 5435 morum
1398 5349 1789 5460 simulque
1836 5351 1933 5432 ad
1998 5349 2337 5436 salutem
2380 5348 2777 5460 publicam
2848 5349 3229 5435 interesse
3285 5357 3677 5460 putemuS,
