4497 6714
1265 780 1359 855 12

1104 989 1150 1043 a
1214 961 1385 1048 Deo
1449 967 2005 1050 demandatum
2070 966 2488 1075 aliquando
2553 967 2992 1077 defugiens,
3069 966 3347 1052 maluit
3410 967 3756 1051 infensos

1102 1121 1423 1233 spiritus
1485 1128 1860 1211 adversus
1923 1126 2362 1212 Ecclesiam
2447 1156 2759 1213 sumere
2797 1193 2816 1230 ,
2901 1134 3168 1213 tamen
3232 1155 3539 1213 summo
3603 1125 3755 1212 Dei

1101 1285 1485 1371 beneficio
1551 1315 1700 1372 nec
1766 1287 1902 1371 diu
1966 1315 2112 1373 nec
2178 1294 2346 1373 tota
2408 1288 2773 1397 desipuit.
2842 1287 3107 1398 Atque
3173 1287 3473 1372 utinam
3530 1289 3756 1373 fune-

1103 1454 1265 1533 stos
1332 1447 1509 1534 illos
1572 1449 1939 1560 religioni
2006 1479 2096 1535 ac
2164 1451 2461 1535 civitati
2529 1456 2778 1553 casus,
2826 1479 3023 1560 quos
3086 1449 3561 1560 proximiora
3625 1477 3756 1534 ae-

1101 1610 1245 1694 tati
1307 1617 1621 1696 nostrae
1688 1618 2042 1720 tempora
2105 1619 2606 1724 pepererunt,
2662 1639 2931 1722 sospes
2997 1609 3414 1696 evasisset!
3461 1610 3753 1696 Verum

1100 1778 1617 1882 posteaquam
1681 1802 1904 1859 mens
1968 1771 2381 1859 hominum
2470 1802 2849 1860 novarum
2926 1772 3381 1885 opinionum
3454 1771 3756 1855 imbuta

1100 1958 1428 2033 venene,
1496 1932 2048 2018 auctoritatem
2113 1933 2520 2018 Ecclesiae
2586 1933 2878 2042 passim
2944 1931 3202 2041 coepit
3242 1930 3570 2017 reiicere
3633 1929 3755 2013 in-

1100 2092 1317 2177 finita
1383 2093 1749 2180 libertate
1816 2095 2058 2197 ferox,
2126 2124 2403 2180 cursus
2469 2123 2869 2205 praeceps,
2938 2121 3096 2203 quo
3160 2091 3508 2203 proclive
3563 2098 3753 2192 erat,

1099 2255 1353 2341 factus
1420 2264 1563 2342 551.
1644 2258 1848 2341 Nam
1938 2286 2118 2342 511111
2201 2256 2695 2343 mortiferum
2782 2255 3313 2341 doctrinarum
3384 2253 3599 2338 virus
3674 2252 3754 2336 in

1103 2414 1312 2525 ipsos
1377 2414 1791 2502 hominum
1875 2445 2133 2504 mores
2216 2418 2679 2519 influxisset,
2767 2415 3112 2500 humana
3189 2414 3522 2500 societas
3598 2412 3756 2499 huc

1099 2606 1473 2689 magnam
1537 2585 1841 2690 partem
1932 2578 2226 2664 sensim
2313 2578 2583 2682 evasit,
2650 2583 2739 2662 ut
2807 2576 3121 2663 omnino
3208 2575 3645 2661 desciscere
3710 2605 3756 2659 a

1100 2736 1547 2825 christianis
1613 2739 1996 2825 institutis
2082 2741 2285 2826 velle
2370 2739 2751 2824 videatur.
2841 2738 2964 2821 Ad
3047 2735 3252 2822 hanc
3324 2737 3753 2848 perniciem

1094 2929 1235 3010 1151
1321 2900 1621 2986 Gallias
1708 2900 2186 2985 dilatandam
2254 2928 2409 2984 non
2490 2927 2768 3008 parum
2852 2898 3271 2983 valuerunt
3353 2898 3752 3008 superiore

1096 3060 1412 3145 saeculo
1479 3061 1799 3171 quidam
1865 3059 2304 3145 insaniente
2370 3058 2754 3169 sapientia
2818 3056 3298 3168 philosophi,
3368 3057 3502 3167 qui
3548 3056 3756 3142 chri-

1094 3221 1394 3306 stianae
1459 3222 1813 3307 veritatis
1880 3222 2131 3305 adorti
2197 3228 2381 3305 sunt
2447 3223 2961 3305 fundamenta
3028 3218 3494 3322 convellere,
3542 3248 3752 3305 eam-

1096 3410 1250 3492 que
1315 3382 1922 3496 philosophandi
1989 3384 2377 3470 rationem
2468 3383 2836 3485 inierunt,
2906 3410 3107 3492 quae
3194 3381 3535 3467 excitata
3597 3382 3750 3466 iam

1093 3544 1558 3658 immodicae
1624 3546 2010 3632 libertatis
2055 3546 2316 3631 studia
2360 3544 2911 3632 vehementius
2956 3544 3499 3629 inflammaret.
3553 3546 3747 3629 Pro-

1091 3705 1304 3791 xima
1367 3707 1517 3791 fuit
1581 3737 1853 3793 corum
1920 3736 2178 3818 opera,
2248 3735 2446 3817 quos
2510 3735 2776 3792 rerum
2839 3706 3281 3791 divinarum
3356 3705 3746 3814 impotens

1094 3867 1362 3952 odium
1424 3868 1742 3953 nefariis
1809 3869 2013 3955 inter
2057 3898 2141 3954 se
2187 3868 2696 3954 societatibus
2757 3867 3216 3953 coniunctos
3260 3873 3503 3967 tenet,
3549 3895 3744 3976 quo-

1091 4027 1440 4138 tidieque
1506 4028 1693 4113 facit
1758 4028 2251 4139 opprimendi
2295 4027 2662 4114 catholici
2707 4028 3042 4113 nominis
3099 4027 3578 4137 cupidiores:
3645 4056 3743 4110 an

1088 4218 1274 4275 vero
1339 4188 1658 4294 maiore,
1728 4217 1964 4300 quam
2028 4189 2360 4300 uspiam,
2427 4189 2509 4273 in
2575 4188 2835 4274 Gallia
2903 4187 3430 4289 contentione,
3511 4215 3742 4272 nemo

1091 4379 1328 4461 quam
1391 4352 1573 4455 Vos,
1638 4351 2149 4437 Venerabiles
2216 4353 2560 4453 Fratres,
2627 4348 2974 4434 iudicare
3039 4348 3323 4434 melius
3389 4354 3673 4458 potest.

1277 4511 1768 4623 Quapropter
1848 4519 2176 4624 paterna
2271 4509 2553 4594 caritas
2590 4575 2608 4611 ,
2707 4537 2863 4618 qua
2958 4507 3362 4593 universas
3456 4516 3742 4618 gentes

1089 4673 1661 4786 prosequimur,
1729 4673 1935 4759 sicut
2000 4673 2193 4758 alias
2274 4673 2439 4758 Nos
2503 4670 2816 4781 impulit
2901 4677 2989 4754 ut
3055 4669 3518 4754 nominatim
3590 4669 3738 4753 Hi-

1086 4834 1432 4939 berniae,
1499 4833 1953 4945 Hispaniae,
2020 4832 2457 4942 Italiaeque
2501 4831 2857 4942 popuIOS,
2920 4830 3123 4915 datis
3168 4833 3266 4915 ad
3308 4830 3738 4941 Episcopos

1088 4994 1396 5098 11115115,
1464 4994 2020 5080 convenienter
2063 4991 2549 5103 temporibus
2593 4995 2691 5076 ad
2734 4991 3076 5076 officium
3123 4989 3735 5094 cohortaremur,

1086 5158 1198 5245 ita
1280 5185 1491 5242 nunc
1585 5158 1684 5241 ad
1772 5154 2113 5241 Galliam
2194 5157 2475 5239 suadet
2570 5160 2919 5240 mentem
3016 5151 3734 5263 cogitationemque

1089 5326 1571 5406 convertere.
1618 5366 1740 5380 —
1784 5318 1900 5399 Ea
1965 5314 2177 5399 enim
2241 5313 2742 5414 molimenta,
2833 5341 3033 5422 quae
3117 5310 3492 5410 diximus,
3578 5336 3732 5394 non
