4497 6714
1261 776 1406 853 128

2101 1117 2766 1247 EPISTOLA

2035 1487 2500 1543 VENERABILI
2564 1488 2838 1543 FRATRI

1647 1647 1943 1704 ALOISIO
2010 1647 2603 1706 ARCHIEPISCOPO
2670 1647 3202 1704 FERRARIENSI.

2819 1808 3260 1865 FERRARIAM

1992 2293 2253 2389 LEO
2327 2295 2520 2388 PP.
2593 2292 2865 2387 XIII.

2012 2669 2517 2725 VENERABILIS
2581 2669 2878 2724 FRATER

1525 2830 1873 2889 SALUTEM
1938 2831 2035 2886 ET
2101 2829 2618 2887 APOSTOLICAM
2684 2827 3335 2885 BENEDICTIONEM.

1107 3154 1612 3326 Pergratum
1678 3241 1866 3299 sane
1930 3212 2083 3298 fuit
2150 3212 2398 3298 Nobis
2464 3211 3189 3297 observantissimas
3265 3212 3570 3297 litteras
3637 3210 3764 3297 die

1102 3405 1322 3464 sacro
1389 3376 1684 3462 Mariae
1751 3377 2093 3487 opiferae
2142 3376 2377 3461 istius
2433 3375 3061 3462 Archidioecesis
3108 3378 3497 3462 Patronae
3544 3377 3765 3460 datas

1102 3571 1148 3625 a
1211 3539 1520 3625 dilectis
1584 3539 2003 3631 iuvenibus
2091 3538 2320 3623 istius
2388 3538 2724 3623 civitatis
2815 3539 3201 3649 excipere,
3271 3538 3558 3648 quibus
3623 3540 3762 3624 ob-

1099 3702 1465 3813 sequium
1530 3731 1761 3787 suum
1808 3730 1999 3812 erga
2044 3701 2210 3786 Nos
2263 3707 2343 3785 et
2386 3698 2592 3785 hanc
2658 3700 3189 3813 Apostolicam
3236 3700 3519 3788 Sedem
3568 3731 3762 3785 una-

1099 3864 1292 3949 nimi
1357 3864 1649 3950 affectu
1710 3863 2042 3975 professi
2106 3869 2315 3968 sunt,
2362 3892 2451 3947 ac
2518 3892 2602 3948 se
2669 3891 2981 3947 summa
3044 3892 3224 3947 cum
3269 3863 3421 3948 fide
3470 3869 3551 3948 et
3594 3869 3760 3947 stu-

1100 4022 1228 4108 dio
1294 4022 1705 4130 encyclicis
1771 4021 2076 4107 Nostris
2140 4021 2431 4107 litteris
2496 4021 2623 4106 die
2696 4022 2810 4106 ⁶20
2880 4022 3124 4133 elapsi
3193 4021 3484 4132 Aprilis
3561 4018 3762 4104 datis

1099 4184 1330 4295 plene
1387 4184 1816 4269 adhaerere
1865 4183 2387 4268 declararunt.
2440 4184 2531 4265 In
2578 4182 2672 4267 iis
2718 4181 3381 4268 declarationibus
3426 4180 3765 4265 libenter

1100 4345 1644 4457 perspeximus
1711 4347 2027 4430 eosdem
2095 4343 2426 4429 dilectos
2490 4343 2690 4428 filios
2756 4343 3112 4454 pericula
3154 4342 3469 4454 penitus
3513 4369 3761 4453 agno-

1103 4535 1347 4607 scere,
1394 4505 1680 4616 quibus
1727 4533 2000 4590 eorum
2045 4512 2262 4589 aetas
2308 4502 2433 4588 his
2480 4503 2816 4588 maxime
2877 4504 3362 4615 temporibus
3427 4503 3763 4588 obnoxia

1104 4675 1247 4771 est,
1315 4667 1733 4752 societates
1799 4697 1845 4749 a
1907 4666 2154 4752 Nobis
2220 4669 2626 4751 damnatas
2692 4694 2826 4750 eos
2892 4665 3208 4752 omnino
3264 4665 3606 4751 aversari
3671 4695 3763 4751 ac

1102 4828 1501 4931 detestari,
1568 4855 2116 4936 summamque
2180 4826 2671 4937 vigilantiam
2759 4833 2839 4913 et
2926 4856 3195 4911 curam
3260 4853 3541 4936 gerere
3607 4855 3764 4912 non

1103 4990 1336 5073 modo
1403 4994 1492 5072 ut
1555 4985 1703 5098 ipsi
1750 4987 1828 5070 in
1874 4992 2106 5096 portu
2149 4986 2559 5096 religionis
2605 4978 3238 5096 christianaeque
3305 4986 3762 5096 disciplinae

1103 5148 1199 5231 ab
1267 5147 1801 5256 improborum
1868 5145 2168 5231 artibus
2214 5145 2649 5231 incolumes
2696 5146 2875 5249 sint,
2944 5149 3083 5232 sed
3149 5146 3387 5231 etiam
3433 5152 3522 5230 ut
3567 5145 3759 5232 alio-

1104 5336 1279 5390 rum
1345 5334 1658 5415 quoque
1725 5304 2007 5391 aetatis
2074 5310 2154 5389 et
2221 5304 2689 5390 conditionis
2756 5335 2943 5391 suae
3008 5335 3148 5416 pro
3196 5337 3338 5391 sua
3382 5307 3756 5394 facultate
