4497 6714
1282 766 1383 844 94

2108 1120 2774 1251 EPISTOLA

2139 1491 2484 1548 DILECTIS
2549 1493 2772 1548 FILIIS

1698 1649 1769 1704 A.
1830 1652 2151 1733 ‘WYSEUR
2218 1654 2570 1708 PRAESIDI
2635 1655 2729 1708 ΕΤ
2795 1653 3210 1710 SODALIBUS

1166 1805 1596 1864 SOCIETATIS
1664 1812 2092 1869 UNIVERSAE
2160 1814 2642 1872 ALUMNORUM
2705 1814 3146 1870 ACADEMIAE
3214 1813 3735 1870 LOVANIENSIS.

2929 1974 3325 2033 LOVANIUM

2018 2457 2275 2552 LEO
2345 2459 2540 2552 ΡΡ.
2612 2460 2890 2555 XIII.

2187 2836 2492 2893 DILECTI
2556 2838 2739 2892 FILII

1546 2992 1893 3052 SALUTEM
1957 2995 2052 3052 ET
2117 2996 2636 3054 APOSTOLICAM
2701 2998 3350 3056 BENEDICTIONEM.

1119 3302 1529 3458 Libenter
1594 3376 2046 3487 excepimus
2113 3378 2419 3464 litteras
2485 3387 2806 3484 vestras,
2877 3381 3162 3490 quibus
3197 3411 3358 3485 VOS,
3396 3382 3778 3468 solemnia

1119 3537 1303 3621 anni
1370 3537 2005 3651 quinquagesimi
2093 3545 2190 3626 ab
2278 3543 2709 3628 instaurata
2781 3544 3198 3629 Academia
3288 3544 3438 3629 ista
3527 3547 3777 3629 Lova-

1072 3691 1370 3783 'niensi
1448 3708 1918 3811 peragentes
1955 3768 1974 3805 ,
2065 3704 2614 3788 communibus
2704 3704 2983 3788 studiis
3067 3705 3434 3816 egregios
3521 3704 3778 3789 filialis

1114 3859 1354 3944 vestri
1420 3860 1657 3945 animi
1723 3876 2000 3948 sensus
2068 3863 2313 3948 Nobis
2381 3893 2846 3975 expromere
2915 3864 3299 3950 voluistis,
3381 3867 3580 3950 Cum
3646 3894 3776 3950 eas

1114 4020 1564 4130 legeremus
1628 4023 2053 4133 plurimum
2118 4011 2282 4110 Nos
2347 4025 2804 4129 delectavit,
2841 4025 3107 4111 dilecti
3174 4026 3334 4129 filii,
3403 4035 3572 4110 tum
3615 4026 3775 4111 sin.-

1116 4209 1342 4266 cerus
1414 4183 1821 4294 religionis
1903 4213 2121 4269 amor
2204 4193 2285 4270 et
2359 4185 2758 4270 veneratio
2849 4215 2940 4270 ac
3023 4184 3491 4296 obsequium
3578 4216 3771 4299 erga

1116 4342 1276 4426 Nos
1342 4351 1422 4427 et
1484 4342 1689 4428 hanc
1754 4342 2287 4456 Apostolicam
2355 4335 2832 4429 Cathedram
2896 4348 3107 4454 quod
3177 4346 3258 4429 in
3330 4346 3484 4431 illis
3549 4348 3773 4433 lucu-

1113 4503 1366 4588 lenter
1431 4503 1806 4607 enitebat,
1875 4513 2043 4592 tum
2109 4505 2394 4590 nobilis
2439 4508 2669 4591 ardor
2712 4537 2867 4616 quo
2915 4535 3055 4592 vos
3104 4507 3465 4594 incensos
3510 4516 3773 4595 osten-

1111 4662 1315 4765 ditis,
1383 4669 1494 4764 ut,
1561 4662 1643 4746 in
1707 4663 2136 4775 disciplinis
2221 4666 2695 4761 excolendis,
2761 4667 2963 4753 votis
3032 4676 3120 4753 et
3193 4669 3399 4754 curis
3465 4671 3773 4757 Nostris

1114 4822 1677 4932 respondeatis,
1745 4830 1916 4908 tum
1980 4825 2202 4909 firma
2266 4825 2401 4909 illa
2475 4857 2653 4937 spes
2740 4827 2821 4912 in
2910 4829 3082 4913 Deo
3155 4829 3409 4939 posita
3476 4859 3632 4940 qua
3695 4831 3775 4915 in

1111 4984 1537 5070 certamine
1604 4988 1815 5095 quod
1876 4986 2233 5071 Ecclesia
2297 4987 2635 5073 sustinet
2699 4995 3007 5074 vestros
3074 4988 3373 5074 animos
3440 4989 3769 5103 erigitiS‚

1110 5154 1190 5231 et
1255 5145 1874 5257 omnipotentem
1939 5147 2201 5232 Deum
2265 5148 2526 5234 lucem
2578 5177 2620 5234 e
2666 5150 3016 5236 tenebris
3083 5181 3173 5236 ac
3239 5153 3766 5263 tranquillita-

1134 5315 1293 5393 tem
1343 5337 1385 5393 e
1432 5307 1888 5392 turbulenta
1930 5315 2399 5419 tempestate
2445 5313 2959 5395 adducturum
3025 5313 3314 5423 populo
3358 5342 3501 5398 suo
3544 5316 3774 5424 plene
