4497 6714
1226 797 1375 879 150

2067 1142 2733 1274 EPISTULA

2005 1499 2470 1555 VENERABILI
2536 1498 2811 1554 FRATRI

1384 1659 1697 1716 CASPARI
1762 1660 2123 1717 EPISCOPO
2188 1660 2718 1719 LAUSANNENSI
2782 1660 2876 1714 ET
2944 1657 3398 1713 GENEVENSI.

2475 1822 2926 1879 FRIBURGUM
2989 1819 3540 1876 HELVETIORUM

1966 2287 2224 2381 LEO
2296 2288 2493 2383 ΡΡ.
2562 2287 2843 2383 XIII.

1972 2663 2478 2719 VENERABILIS
2544 2663 2840 2717 FRATER

1498 2823 1848 2881 SALUTEM
1912 2824 2005 2878 ET
2071 2823 2590 2880 APOSTOLICAM
2655 2822 3307 2879 BENEDICTIONEM.

1084 3182 1546 3355 pergratae
1625 3242 1871 3327 Nobis
1968 3242 2403 3328 extiterunt
2499 3244 2810 3331 litterae
2898 3275 3092 3356 quas
3170 3243 3296 3329 die
3376 3244 3425 3325 2
3502 3240 3741 3326 huius

1084 3407 1377 3492 mensis
1443 3436 1600 3492 una
1666 3436 1846 3492 cum
1910 3414 2047 3492 tuo
2116 3406 2327 3492 clero
2425 3407 2790 3494 universo
2858 3411 2955 3493 ad
3027 3410 3191 3493 Nos
3265 3406 3573 3510 dedisti,
3644 3434 3741 3491 ex

1089 3567 1375 3677 quibus
1440 3567 1931 3679 agnovimus,
1999 3569 2547 3654 dioecesanam
2613 3571 3016 3677 synodum,
3102 3568 3515 3654 intervallo
3580 3569 3743 3652 fere

1090 3734 1625 3815 tercentorum
1690 3756 2074 3813 annorum
2138 3727 2668 3812 intermissam
2705 3795 2724 3832 ,
2792 3729 2872 3813 in
2938 3730 3087 3815 ista
3154 3729 3504 3832 civitate,
3573 3729 3744 3814 Deo
3844 3828 3854 3838 ‚

1090 3892 1401 3976 favente
1438 3956 1457 3995 ‚
1523 3890 1858 3976 feliciter
1922 3921 1968 3975 a
2034 3890 2257 3976 vobis
2321 3891 2563 3976 fuisse
2642 3891 3140 3977 celebratam.
3235 3891 3745 4002 Summopere

1091 4052 1554 4160 gaudemuS‚
1622 4050 1815 4135 Ven.
1884 4051 2188 4152 Frater,
2256 4056 2335 4136 te
2422 4050 2504 4134 in
2581 4080 2870 4162 magna
2952 4051 3068 4136 tui
3149 4051 3338 4136 cleri
3404 4050 3747 4136 universi

1092 4210 1536 4320 frequentia
1599 4208 1785 4295 huic
1849 4210 2051 4322 parti
2097 4212 2509 4322 pastoralis
2555 4212 2967 4299 ministerii
3031 4213 3456 4325 diligenter
3519 4212 3747 4298 satis-

1095 4374 1355 4459 facere
1423 4401 1736 4457 curasse
1772 4438 1791 4475 ,
1892 4400 2129 4481 quam
2225 4379 2444 4456 tanto
2542 4373 2800 4458 studio
2877 4373 3331 4460 'l‘ridentina
3395 4375 3749 4482 Synodus

1098 4531 1507 4643 Episcopis
1596 4531 1959 4616 omnibus
2044 4531 2640 4617 commendavit.
2726 4535 2983 4618 Probe
3069 4533 3280 4619 enim
3355 4533 3752 4620 noscimus

1104 4723 1340 4804 quam
1404 4693 1785 4781 salutares
1848 4696 2152 4778 fructus
2217 4722 2316 4779 ex
2378 4692 2531 4779 hoc
2575 4694 2845 4806 magni
2889 4694 3267 4781 momenti
3332 4723 3568 4805 opere
3611 4725 3750 4808 pa-

1104 4852 1437 4956 riuntur,
1501 4850 1691 4937 huic
1754 4850 2218 4964 praesertim
2261 4851 2544 4938 rationi
2587 4859 3032 4964 temporum
3086 4854 3529 4965 opportuni,
3577 4854 3751 4964 qui-

1104 5014 1255 5099 bus
1318 5012 1654 5099 maxime
1700 5012 2030 5098 interest
2071 5011 2411 5096 filiorum
2482 5011 2886 5099 Ecclesiae
2950 5012 3250 5099 animos
3313 5016 3412 5098 ad
3453 5016 3749 5100 bonum

1107 5181 1509 5260 certamen
1574 5176 2031 5259 certandum
2127 5178 2404 5256 mutua
2497 5172 2704 5258 inter
2778 5202 2862 5257 se
2951 5174 3365 5260 concordia
3429 5175 3753 5261 firmiter

1108 5332 1534 5444 coniungi,
1616 5340 1851 5441 atque
1926 5330 2330 5416 Ecclesiae
2397 5332 2796 5418 ministros
2887 5333 2966 5417 in
3050 5365 3271 5420 sacra
3345 5336 3753 5448 disciplina
