4497 6714
3267 829 3370 906 69

1053 1013 1347 1099 Verum
1409 1015 1652 1123 probe
1717 1014 2260 1125 intelligimus,
2329 1041 2784 1099 communes
2848 1012 3156 1097 labores
3213 1017 3521 1097 nostros

867 1174 1295 1260 evellendis
1357 1172 1485 1258 his
1550 1203 1742 1286 agro
1807 1174 2222 1261 Dominico
2288 1174 2749 1285 perniciosis
2792 1173 3221 1259 seminibus
3266 1170 3521 1257 haud-

866 1363 1260 1444 quaquam
1323 1364 1551 1446 pares
1615 1337 1943 1438 futUmS,
2009 1335 2160 1420 nisi
2227 1336 2589 1422 caelestis
2654 1335 3015 1457 dominus
3080 1335 3356 1421 vineae
3423 1337 3522 1419 ad

863 1495 944 1579 id
1008 1498 1218 1605 quod
1268 1490 1749 1582 intendimus
1792 1497 2139 1608 benigne
2175 1496 2583 1583 adiuverit.
2624 1496 2746 1561 —'
2778 1496 3038 1607 Igitur
3080 1496 3248 1582 eius
3292 1524 3523 1605 opem

863 1656 1401 1768 auxiliumque
1468 1656 1886 1768 implorare
1953 1687 2277 1745 necesse
2367 1665 2490 1744 est
2571 1658 2831 1743 studio
2911 1657 3367 1744 vehementi
3432 1685 3523 1783 ac

866 1815 1225 1919 sollicit0‚
1295 1818 1526 1927 quale
1593 1826 1674 1903 et
1740 1826 2124 1928 quantum
2181 1818 2298 1904 vis
2342 1818 2672 1928 periculi
2738 1824 2820 1904 et
2883 1818 3348 1929 magnitudo
3384 1844 3524 1902 ne-

865 1975 1252 2060 cessitatis
1315 1976 1750 2087 requirunt.
1790 1978 2044 2063 Effert
2079 2006 2162 2064 se
2201 1977 2656 2082 insolenter,
2726 2006 3099 2063 successu
3141 1978 3520 2088 gestienS‚

866 2141 1081 2219 secta
1143 2136 1619 2239 Massonum‚
1686 2167 1833 2223 nec
1878 2137 2132 2222 ullum
2167 2138 2324 2222 iam
2356 2138 2668 2224 videtur
2710 2138 3187 2249 pertinaciae
3222 2139 3524 2223 factura

869 2300 1212 2382 modum.
1257 2297 1629 2386 Asseclae
1695 2300 1865 2386 eius
1929 2300 2277 2386 universi
2343 2300 2639 2386 nefario
2708 2303 3048 2411 quodam
3090 2284 3408 2385 foedere
3445 2306 3525 2384 et

867 2458 1176 2544 occulta
1209 2460 1713 2546 consiliorum
1750 2461 2311 2547 communitate
2347 2460 2594 2546 iuncti
2630 2454 2947 2571 operam
2983 2459 3132 2545 sibi
3167 2466 3524 2544 mutuam

802 2704 805 2707 ,
870 2617 1280 2723 tribuunt,
1347 2629 1427 2707 et
1489 2622 1718 2707 alteri
1762 2616 2092 2708 'alteros
2178 2624 2276 2707 ad
2364 2651 2631 2708 rerum
2705 2622 3093 2706 malarum
3178 2620 3524 2706 excitant

870 2780 1302 2865 audaciam.
1372 2782 1873 2893 Oppugnatio
1938 2790 2101 2866 tam
2144 2782 2576 2868 vehemens
2610 2781 3319 2894 propugnationem
3382 2808 3524 2891 po-

872 2938 1114 3023 stulat
1174 2969 1487 3051 parem:
1524 2941 1895 3027 nimirum
1937 2918 2133 3029 boni
2169 2969 2443 3027 omnes
2510 2940 3071 3052 amplissimam
3106 2941 3525 3050 quamdam

875 3109 1156 3187 coeant
1200 3131 1397 3214 opus
1443 3111 1565 3189 est
1630 3112 1710 3191 et
1740 3080 1744 3084 A
1774 3104 2064 3216 agendi
2129 3104 2590 3190 societatem
2634 3110 2714 3189 et
2755 3102 3152 3214 precandi.
3220 3100 3343 3184 Ab
3412 3100 3525 3185 eis

875 3259 1142 3372 itaque
1176 3262 1542 3375 petimus,
1578 3272 1668 3349 ut
1713 3264 2229 3350 concordibus
2265 3262 2545 3347 animis
2581 3270 2852 3348 contra
2883 3261 3526 3374 progredientem

880 3432 1273 3510 sectarum
1358 3425 1517 3511 vim
1599 3426 1930 3513 conferti
2007 3426 2474 3536 immotique
2563 3424 3045 3511 consistant:
3131 3423 3527 3532 iidemque

821 3680 825 3685 ,
878 3586 1218 3673 multum
1281 3597 1696 3700 gementes
1760 3592 2089 3676 tendant
2122 3589 2295 3676 Deo
2339 3618 2617 3674 manus
2682 3587 3098 3699 suppliceS‚
3145 3587 3242 3670 ab
3278 3611 3530 3694 eoque

882 3751 1381 3853 contendant,
1448 3759 1538 3836 ut
1603 3749 2122 3836 christianum
2186 3751 2461 3836 floreat
2522 3749 2947 3860 vigeatque
3010 3775 3322 3834 nomen:
3393 3741 3531 3831 ne-

884 3909 1223 3995 ccssaria
1267 3911 1651 4011 ‚libertate
1716 3911 2075 3997 Ecclesia
2107 3911 2490 4022 potiatur:
2565 3913 2892 3996 redeant
2954 3913 3052 3995 ad
3117 3908 3534 3995 sanitatem

882 4070 1129 4157 devii:
1167 4099 1471 4158 errores
1513 4071 1851 4175 veritati,
1885 4072 2077 4157 vitia
2109 4071 2383 4157 virtuti
2428 4071 2848 4182 aliquando
2914 4072 3373 4156 concedant.
3415 4117 3533 4130 —

883 4230 1371 4317 Adiutricem
1437 4239 1517 4318 et
1581 4231 2098 4344 interpretem
2162 4230 2677 4319 adhibeamus
2741 4233 3063 4316 MARIAM
3126 4229 3537 4340 Virginem

885 4400 1221 4478 matrem
1265 4393 1441 4493 Dei,
1507 4399 1598 4478 ut
1662 4421 1863 4503 quae
1928 4424 1975 4477 a
2040 4398 2428 4503 conceptu
2490 4392 2659 4503 ipso
2724 4389 3093 4477 Satanam
3125 4387 3337 4491 vicit,
3404 4416 3535 4473 ea-

887 4557 1067 4640 dem
1133 4581 1217 4639 se
1283 4553 1679 4664 impertiat
1741 4553 2278 4665 improbarum
2311 4560 2707 4638 sectarum
2768 4558 3197 4662 potentem,
3233 4549 3314 4634 in
3360 4547 3534 4659 qui-

884 4717 1034 4801 bus
1075 4715 1582 4828 perspicuum
1626 4722 1747 4802 est
1791 4723 2296 4801 contumaces
2330 4714 2506 4800 illos
2551 4713 2736 4799 mali
2778 4712 3180 4799 daemonis
3214 4710 3535 4823 spiritus

885 4906 1067 4963 cum
1138 4875 1519 4962 indomita
1590 4875 1916 4987 perfidia
1979 4883 2061 4962 et
2124 4874 2624 4960 simulatione
2689 4874 3180 4960 reviviscere.
3218 4921 3341 4937 —
3375 4872 3532 4957 ob-

885 5042 1271 5123 testemur
1349 5035 1785 5147 principem
1864 5034 2356 5147 Angelorum
2453 5033 2968 5139 caelestium,
3033 5032 3535 5145 depulsorem

886 5195 1235 5283 hostium
1296 5194 1805 5300 infernorum,
1870 5197 2388 5281 MICHAELEM:
2453 5193 2647 5281 item
2723 5197 3124 5280 Iosnrmm
3186 5191 3535 5303 Virginis

887 5355 1421 5442 sanctissimae
1484 5384 1882 5466 sponsum,
1948 5354 2350 5440 Ecclesiae
2395 5352 2829 5439 catholicae
2871 5362 3290 5465 patronum
3356 5381 3533 5438 cae-
