4497 6714
1238 771 1338 848 58

1084 950 1519 1061 magisterii
1585 981 1730 1038 nec
1796 953 2253 1065 vigilantiae
2319 955 2588 1040 sinunt
2632 982 2804 1040 esse
2868 960 3172 1064 partes:
3221 954 3736 1065 pluribusque

1083 1112 1239 1197 iam
1302 1115 1495 1200 locis
1562 1116 1962 1201 consecuti
2028 1121 2235 1219 sunt,
2303 1124 2393 1199 ut
2458 1117 2710 1201 omnis
2776 1116 2878 1200 sit
2940 1144 3184 1226 penes
3247 1115 3454 1201 viros
3497 1114 3738 1199 laicos

1083 1276 1699 1362 adolescentium
1764 1277 2193 1381 institutio:
2261 1277 2610 1388 itemque
2677 1285 2765 1362 ut
2830 1277 2909 1360 in
2976 1305 3236 1362 mores
3311 1276 3739 1361 informan-

1086 1439 1227 1520 dos
1290 1436 1487 1521 nihil
1554 1439 2077 1525 admisceatur
2142 1440 2238 1524 de
2285 1438 2403 1542 iis,
2452 1467 2652 1549 quae
2696 1437 3100 1524 hominem
3152 1437 3495 1548 iungunt
3537 1436 3734 1538 De0‚

1081 1598 1535 1708 permagnis
1602 1598 2274 1708 sanctissimisque
2342 1598 2637 1683 officiiS.

1268 1759 1722 1870 Sequuntur
1785 1760 2035 1845 civilis
2099 1764 2417 1846 decreta
2480 1760 2967 1871 prudentiae.
3060 1759 3229 1864 Quo
3295 1757 3376 1841 in
3440 1782 3735 1867 genere

1079 1925 1438 2003 statuunt
1500 1921 1570 2002 N
1579 1919 2056 2023 aturalistae‚
2144 1918 2506 2004 homines
2594 1922 2872 2004 eodem
2959 1946 3131 2004 esse
3197 1917 3367 2003 iure
3434 1942 3730 2016 omneS‚

1081 2086 1161 2164 et
1224 2109 1477 2190 aequa.
1544 2109 1633 2164 ac
1698 2080 1867 2190 pari
1910 2080 1992 2163 in
2037 2108 2312 2165 omnes
2353 2087 2617 2191 partes
2684 2079 3160 2165 conditione:
3206 2105 3733 2186 unumquem-

1082 2268 1233 2349 que
1302 2268 1473 2325 esse
1540 2248 1820 2324 natura
1870 2241 2261 2335 liberum:
2328 2240 2763 2352 imperandi
2817 2240 3044 2326 alteri
3090 2240 3210 2323 ius
3254 2238 3548 2323 habere
3593 2266 3733 2324 nc-

1078 2400 1414 2486 minem:
1481 2402 1683 2487 velle
1750 2409 2040 2506 autem,
2130 2411 2221 2486 ut
2305 2402 2667 2488 homines
2756 2402 3221 2511 cuiusquam
3286 2400 3732 2486 auctoritati

1076 2573 1424 2676 pareant,
1492 2566 1806 2652 aliunde
1874 2596 2112 2676 quam
2177 2595 2276 2651 ex
2341 2567 2530 2677 ipsis
2597 2566 3024 2676 quaesitae,
3070 2567 3151 2649 id
3196 2566 3514 2675 quidem
3558 2594 3731 2651 esse

1075 2725 1234 2810 vim
1298 2726 1609 2812 inferre.
1680 2727 1959 2812 Omnia
2022 2727 2270 2837 igitur
2358 2728 2438 2812 in
2527 2729 2775 2813 libero
2840 2728 3128 2839 populo
3204 2757 3411 2813 esse:
3480 2728 3729 2840 impe·

1082 2887 1288 2972 rium
1355 2887 1573 2972 iussu
1648 2889 1775 2973 vel
1858 2917 2237 2974 concessu
2302 2891 2569 3000 populi
2656 2889 2933 2991 teneri,
3019 2890 3130 2973 ita
3210 2889 3549 2998 quidem,
3617 2895 3728 2991 ut,

1076 3055 1380 3133 mutata
1442 3050 1847 3136 voluntate
1912 3051 2295 3162 populari,
2362 3051 2754 3163 principes
2820 3053 2916 3136 de
2983 3053 3231 3161 gradu
3310 3050 3539 3135 deiici
3605 3050 3732 3135 vel

1077 3210 1360 3295 invitos
1425 3210 1682 3296 liceat.
1751 3213 2090 3296 Fontem
2157 3212 2507 3297 omnium
2552 3212 2841 3295 iurium
2906 3211 3495 3320 officiorumque
3542 3210 3730 3295 civi-

1074 3371 1269 3455 lium
1334 3371 1461 3457 vel
1525 3371 1605 3455 in
1672 3371 2174 3458 multitudine
2240 3372 2523 3474 inesse.
2610 3373 2736 3459 vel
2819 3373 2900 3455 in
2984 3379 3369 3482 potestate
3435 3374 3730 3482 guber-

1073 3540 1313 3617 nante
1401 3533 1824 3638 civitatem‚
1916 3562 2166 3642 eaque
2247 3533 2690 3618 novissimis
2772 3533 3187 3617 informata
3271 3531 3726 3644 discipliniS.

1071 3696 1495 3779 Praeterea
1559 3693 1878 3778 atheam
1965 3724 2136 3780 esse
2223 3694 2790 3805 rempublicam
2856 3702 3263 3805 oportere:
3341 3694 3418 3777 in
3495 3695 3729 3780 variis

1070 3853 1481 3964 religionis
1547 3855 1816 3940 formis
1880 3855 2178 3939 nullam
2244 3884 2420 3940 6886
2467 3883 2846 3957 caussam,
2896 3884 3035 3939 cur
3092 3854 3244 3938 alia
3309 3854 3442 3938 alii
3506 3862 3728 3941 ante-

1068 4021 1442 4124 ponatur:
1512 4017 1790 4100 eodem
1857 4043 2130 4100 omnes
2194 4015 2367 4100 loco
2444 4013 2870 4100 habendas

1255 4177 1479 4260 Haec
1545 4184 1811 4260 autem
1897 4175 2065 4285 ipsa
2141 4175 2636 4259 Massonibus
2724 4203 2974 4284 aeque
3061 4174 3397 4285 placere,
3483 4181 3563 4259 et
3628 4177 3726 4258 ad

1066 4335 1275 4420 hanc
1345 4336 1938 4420 similitudinem
2005 4342 2241 4444 atque
2311 4335 2711 4445 exemplar
2773 4335 2977 4419 velle
3044 4363 3178 4418 eos
3246 4334 3723 4421 constituere

1067 4525 1195 4582 res
1262 4497 1641 4607 publicas,
1708 4496 1886 4607 plus
1973 4503 2094 4581 est
2190 4496 2622 4606 cognitum,
2720 4525 2958 4606 quam
3054 4503 3142 4578 ut
3207 4497 3723 4580 demonstrari

1066 4665 1449 4768 oporteat.
1519 4658 1828 4741 Iamdiu
1895 4657 2183 4768 quippe
2253 4657 2616 4741 omnibus
2659 4656 2957 4739 viribus
3023 4664 3260 4765 atque
3320 4658 3599 4768 opibus
3643 4658 3722 4741 id

1068 4827 1338 4929 aperte
1405 4820 1877 4904 moliuntur:
1946 4827 2026 4905 et
2089 4818 2242 4904 hoc
2308 4819 2477 4930 ipso
2544 4818 2971 4930 expediunt
3014 4819 3221 4903 viani
3286 4819 3720 4905 audaciori-

1066 4981 1216 5063 bus
1281 5007 1436 5063 non
1502 4979 1770 5088 paucis
1835 4981 1934 5062 ad
1996 4978 2263 5089 peiora
2326 4978 3049 5089 praecipitantibUS‚
3095 4983 3184 5060 ut
3251 4978 3384 5087 qui
3429 5005 3719 5087 aequa-

1065 5140 1363 5225 tionem
1430 5139 1781 5249 cogitant
1846 5139 2640 5248 communionemque
2709 5138 3057 5222 omnium
3101 5141 3512 5242 bonorum,
3581 5141 3717 5224 de-

1063 5301 1223 5387 leto
1294 5302 1655 5387 ordinum
1721 5309 1801 5386 et
1864 5304 2358 5387 fortunarum
2421 5300 2503 5384 in
2570 5299 2883 5386 civitate
2949 5298 3420 5384 discrimine.
