4497 6714
3194 836 3352 913 213

1010 1002 1249 1085 cobini,
1304 1002 1805 1089 Archiepiscopi
1852 1004 2190 1091 Tyr-ensis,
2240 1008 2589 1092 primicerii
2624 1009 3216 1097 universorumque
3247 1031 3345 1075 so-

1011 1125 1256 1192 dalium
1303 1129 1617 1213 pietatem
1663 1127 1892 1196 laudat
1999 1183 2012 1196 .
2111 1178 3018 1200 .........
3117 1186 3130 1199 .
3180 1133 3344 1201 PAG.
3398 1132 3525 1199 100

832 1376 1133 1462 Epistola
1170 1404 1201 1435 α
1229 1376 1579 1442 Paternum
1624 1378 1914 1445 studium
1947 1405 1980 1437 »
2016 1380 2121 1445 die
2154 1380 2240 1445 24
2271 1380 2446 1447 Iunii
2479 1381 2564 1446 ad
2590 1380 2898 1448 Oarolum
2932 1380 3350 1468 Chesnelong

1011 1504 1383 1589 praesidem
1428 1504 1722 1592 aliosque
1770 1505 2124 1573 catholicos
2172 1509 2347 1573 viros
2393 1510 2510 1594 qui
2543 1510 2813 1574 tertium
2837 1509 3164 1574 decimum
3198 1531 3351 1575 con-

1012 1640 1284 1696 ventum
1330 1632 1598 1697 Parisiis
1624 1632 2061 1698 celebrarunt.
2102 1674 2182 1683 —
2216 1634 2503 1700 Litteras
2552 1633 2638 1699 ab
2672 1635 2766 1699 eis
2794 1634 2982 1699 datas
3008 1636 3350 1699 occasione

1013 1757 1191 1821 tertii
1237 1755 1474 1821 decimi
1521 1766 1887 1823 conventus
1937 1758 2201 1823 Parisiis
2265 1757 2471 1823 habiti
2519 1781 2597 1823 ae
2647 1757 3128 1825 declarationes
3175 1758 3354 1824 obse-

1016 1881 1152 1968 quii
1200 1883 1616 1967 optimaeque
1673 1881 2033 1948 voluntatis
2080 1904 2317 1967 magno
2378 1906 2529 1948 cum
2577 1884 2829 1967 gaudio
2879 1882 2963 1949 Se
3013 1884 3358 1968 excepisse

1017 2014 1317 2070 testatur.
1375 2044 1444 2055 —
1499 2004 1679 2070 Nihil
1726 2008 1899 2071 enim
1946 2004 2144 2072 habet
2190 2008 2529 2094 antiquius
2579 2031 2777 2095 quam
2826 2019 3099 2093 paterno
3133 2008 3351 2074 studio

1016 2131 1330 2194 virtutem
1376 2129 1654 2194 filiorum
1701 2132 2030 2217 prosequi,
2080 2133 2192 2217 qui
2243 2154 2431 2197 suam
2493 2131 2736 2215 fidem,
2808 2134 3245 2199 constantiam
3291 2141 3359 2198 et

1017 2275 1304 2321 amorem
1353 2254 1693 2320 Ecclesiae
1740 2255 1867 2319 Dei
1914 2255 2039 2320 sub
2099 2256 2450 2321 Pastorum
2510 2255 2715 2321 ductu
2764 2257 3043 2342 probare
3091 2266 3357 2322 conten·

1019 2380 1203 2446 dunt.
1257 2420 1336 2428 —
1388 2379 1774 2465 Congruum
1823 2403 2242 2467 summopere
2313 2382 2718 2468 temporibus
2781 2382 3011 2466 ducit,
3061 2393 3360 2448 mutuam

1018 2505 1162 2570 illos
1211 2507 1550 2571 caritatem
1585 2505 2083 2593 animorumque
2117 2506 2535 2571 concordiam
2565 2505 2911 2587 custodire,
2948 2507 3358 2591 Apostolicae

1022 2632 1213 2698 Sedis
1259 2631 1666 2696 documentis
1713 2631 1986 2695 firmiter
2030 2629 2409 2713 adhaerere,
2447 2631 2614 2696 tueri
2646 2631 3042 2696 christianae
3090 2632 3359 2697 institu-

1021 2759 1213 2824 tionis
1262 2759 1546 2823 rationes
1594 2766 1661 2822 et
1705 2756 2066 2843 praesidia,
2116 2757 2423 2842 opificum
2449 2756 2951 2822 christianorum
2998 2756 3356 2822 necessita·

1020 2884 1198 2949 tibus
1246 2904 1435 2968 opem
1481 2882 1675 2947 ferre.
1730 2921 1810 2931 ——
1861 2881 2033 2947 Cum
2081 2883 2146 2946 in
2196 2882 2296 2947 his
2344 2882 2545 2948 rebus
2595 2905 2819 2947 eorum
2867 2881 3191 2947 industria
3222 2881 3361 2947 ela·-

1022 3009 1228 3091 boret,
1279 3008 1611 3093 egregiam
1656 3009 1949 3092 ipsorum
1997 3006 2410 3072 voluntatem
2444 3008 2986 3093 propositumque
3019 3005 3361 3072 Ecclesiae

1027 3132 1479 3198 defendendae
1527 3131 1835 3197 laudibus
1886 3133 2328 3218 prosequitur.
2398 3170 2479 3180 —
2536 3133 2857 3197 Laetatur
2903 3131 2985 3196 de
3031 3131 3358 3196 fructibus

1024 3258 1368 3344 hucusque
1417 3257 1745 3342 perceptis
1793 3256 2205 3343 maioresque
2275 3258 2340 3321 in
2398 3256 2538 3322 dies
2600 3258 3017 3342 adprecatur.
3069 3297 3150 3306 —
3199 3256 3358 3321 Ani-

1026 3404 1166 3448 mos
1216 3382 1418 3465 addit,
1469 3391 1560 3465 ut,
1611 3382 2009 3448 christianae
2058 3383 2353 3448 caritatis
2400 3391 2719 3448 tesseram
2767 3384 2973 3467 magis
3021 3384 3362 3468 magisque

1026 3507 1504 3594 praeferentes,
1535 3516 1873 3572 strenuam
1898 3528 2166 3592 operam
2196 3509 2649 3593 proximorum
2679 3507 2871 3573 saluti
2901 3506 3230 3574 iuvandae
3267 3509 3363 3572 iu·

1026 3634 1490 3718 giternavent
1496 3679 2167 3698 .......
2267 3661 3308 3703 .........»
3411 3633 3535 3699 103

850 3888 1139 3952 Litterae
1188 3885 1608 3970 Apostolicae
1657 3883 1781 3949 sub
1830 3884 2025 3949 anulo
2073 3883 2433 3948 Piscatoris
2488 3912 2518 3943 «
2578 3882 2757 3958 Quae
2803 3885 2875 3948 in
2908 3881 3276 3950 Christiani
3324 3913 3357 3944 ι»

1029 4013 1135 4078 die
1183 4014 1265 4077 27
1318 4012 1529 4094 Iunii3
1577 4012 1658 4076 de
1706 4011 2143 4076 Moldaviensi
2190 4010 2532 4075 Vicariatu
2567 4008 2948 4095 Apostolieo
2974 4011 3040 4074 in
3071 4009 3362 4076 Dioeee-

1031 4140 1152 4204 sim
1199 4138 1507 4223 erigendo
1544 4188 1558 4204 .
1658 4189 1669 4200 .
1769 4185 2559 4203 ........
2658 4186 2672 4199 .
2770 4187 2784 4200 .
2879 4183 2894 4198 .
2993 4188 3005 4201 .
3104 4187 3115 4200 .
3214 4186 3228 4201 .
3327 4163 3358 4195 »
3416 4134 3540 4201 106

851 4392 1150 4480 Epistola
1199 4423 1231 4454 «
1292 4391 1472 4455 Tuas
1514 4392 1877 4477 excepimus
1905 4416 1939 4452 »
1991 4389 2097 4454 die
2144 4388 2228 4453 27
2276 4387 2445 4453 Iunii
2480 4387 2565 4452 ad
2596 4387 3004 4472 Episcopum
3050 4387 3364 4452 Petroco-

1026 4522 1348 4584 ricensem
1397 4527 1464 4582 et
1510 4515 1978 4582 Sarlatensem.
2029 4554 2110 4564 —
2162 4515 2606 4581 Vehementer
2652 4514 2830 4580 dolet
2863 4565 2879 4596 ,
2928 4514 3361 4582 dissentiones

1026 4646 1197 4710 inter
1242 4641 1600 4708 catholicos
1648 4641 1942 4706 homines
1990 4641 2059 4706 in
2108 4639 2328 4706 Gallia
2372 4661 2504 4705 non
2552 4640 2893 4726 quiescere
2955 4639 3070 4704 sed
3115 4640 3359 4706 invale-

1032 4792 1235 4852 scere,
1286 4790 1359 4833 eo
1408 4768 1792 4852 praesertim
1842 4776 2156 4851 tempore,
2221 4787 2349 4852 quo
2412 4763 2755 4830 Ecclesiae
2824 4788 2902 4831 ac
2949 4765 3363 4851 publicarum

1032 4914 1249 4957 rerum
1296 4889 1574 4956 conditio
1623 4890 2150 4954 coniunctionem
2199 4889 2488 4953 omnium
2557 4889 2922 4953 animorum
2992 4898 3057 4953 et
3123 4889 3362 4955 virium

1029 5017 1353 5082 adversus
1399 5035 1777 5078 communes
1825 5011 2045 5077 hostes
2091 5013 2380 5077 maxime
2427 5010 2781 5096 postulant.
2833 5050 2914 5060 —-
2949 5011 3164 5077 Docet
3208 5035 3359 5079 con-

1032 5140 1293 5207 cordiae
1341 5139 1690 5209 rationem,
1738 5157 1909 5221 quae
1958 5135 2184 5199 fideles
2231 5135 2405 5200 inter
2451 5156 2523 5200 se
2571 5138 2946 5200 consociare
3007 5135 3248 5219 debet,
3297 5138 3363 5203 in

1031 5289 1105 5334 eo
1155 5264 1599 5353 quaerendam
1646 5284 1810 5343 esse,
1875 5270 1951 5327 ut
2009 5282 2246 5346 nempe
2317 5262 2607 5326 omnium
2663 5263 2860 5326 animi
2920 5264 2987 5326 in
3049 5262 3365 5330 doctrinis

1035 5392 1120 5457 ab
1170 5389 1550 5476 Apostoliea
1596 5387 1766 5452 Sede
1816 5386 2076 5451 traditis
2125 5386 2600 5471 amplectendis
2670 5388 3146 5475 servandisque
3213 5411 3363 5456 con-
