4497 6714
3171 775 3319 854 195

690 1065 696 1071 .
816 962 1060 1047 fiteris
1123 963 1551 1075 plurimum
1648 963 2340 1066 commendamus,
2391 929 2922 1070 ‘firmiterque
3006 957 3469 1046 confidimus

815 1125 979 1210 fore
1044 1132 1134 1210 ut
1196 1131 1276 1211 te
1340 1124 1518 1210 istic
1584 1124 2133 1210 auctoritatem
2217 1130 2438 1208 tuam
2519 1124 2617 1207 ad
2702 1120 3106 1207 Ecclesiae
3170 1121 3468 1231 praesi-
3531 1198 3536 1203 ,

813 1282 1029 1368 dium
1096 1288 1547 1372 conferente
1583 1352 1602 1386 ‚
1684 1313 1777 1371 ea
1842 1283 2103 1370 omnia
2168 1312 2370 1393 quae
2436 1284 2535 1367 ad
2596 1281 3005 1393 religionis
3082 1280 3466 1407 utilitates

814 1446 1235 1558 pertinent,
1304 1475 1664 1559 quaeque
1731 1476 1912 1532 cum
1974 1447 2145 1557 ipsa
2194 1444 2712 1557 prosperitate
2756 1443 3237 1557 reipublicae
3284 1471 3470 1528 con-

815 1608 1082 1695 iuncta
1146 1618 1329 1696 sunt
1393 1613 1739 1696 faustum
1837 1610 2147 1722 capiant
2243 1609 2843 1695 incrementum.
2939 1608 3114 1692 Hac
3188 1606 3470 1692 fiducia

816 1769 999 1855 freti
1063 1769 1209 1855 tibi
1275 1800 1321 1854 a
1384 1770 1556 1856 Deo
1623 1771 1919 1881 optimo
2016 1769 2381 1869 maximo,
2450 1798 2606 1880 quo
2694 1768 3013 1880 auspice
3081 1776 3470 1855 terrarum

814 1930 1322 2041 magistratus
1388 1938 1468 2017 et
1531 1937 1960 2042 potestates
2004 1957 2375 2042 prospere
2421 1928 3085 2033 administrantur,
3121 1929 3465 2041 plenitu-

811 2091 1076 2178 dinem
1143 2093 1602 2178 caelestium
1665 2093 2100 2204 gratiarum
2165 2096 2263 2178 ad
2330 2091 2828 2178 commissam
2889 2091 3034 2177 tibi
3116 2098 3464 2203 potesta-

811 2261 974 2339 tem
1037 2254 1373 2340 feliciter
1437 2257 1868 2365 gerendam
1931 2284 2029 2341 ex
2097 2255 2357 2341 animo
2422 2254 2932 2365 imploramus
2967 2318 2986 2357 ‚
3074 2260 3156 2339 et
3218 2254 3464 2339 bene-

809 2416 1199 2503 volentiae
1265 2417 1599 2502 Nostrae
1663 2416 2134 2519 testimonia,
2202 2416 2321 2502 uti
2386 2422 2631 2527 optas,
2698 2413 2865 2518 tibi,
2934 2413 3072 2498 ubi
3159 2413 3464 2499 occasio

810 2605 894 2663 se
960 2578 1262 2683 offerat,
1327 2577 1843 2665 libentissime
1911 2577 2295 2680 collaturi,
2363 2574 2895 2687 Apostolicam
2957 2574 3464 2662 Benedictio-

809 2766 993 2825 nem
1056 2739 1390 2824 Nostrae
1456 2738 1895 2825 dilectionis
1957 2746 2247 2825 testem
2312 2737 2480 2840 tibi,
2561 2737 2871 2823 Dilecte
2934 2736 3091 2820 Fili
3154 2736 3462 2822 Nobilis

811 2901 971 3005 Vir,
1041 2908 1122 2987 et
1186 2902 1599 2988 universae
1666 2901 1795 2986 isti
1863 2901 1989 2986 cui
2053 2900 2455 3012 praesides
2519 2899 2745 3012 genti
2818 2906 3318 3010 peramanter
3381 2899 3464 2985 in

811 3061 1151 3147 Domino
1217 3061 1734 3173 impertimus.
1845 3119 1849 3124 -

973 3224 1268 3310 Datum
1301 3226 1601 3310 Romae
1638 3227 1845 3336 apud
1878 3224 1954 3310 S.
1992 3225 2324 3310 Petrum
2356 3223 2483 3309 die
2520 3222 2638 3308 30
2673 3219 3141 3309 Novembris
3193 3222 3455 3327 1884,

806 3387 1323 3474 Pontificatus
1387 3386 1656 3473 Nostri
1721 3415 1924 3472 anno
1990 3385 2349 3498 septimo.

1767 3707 1971 3794 LEO
2033 3708 2195 3793 ΡΡ.
2266 3707 2492 3794 XIII.
