4497 6714
1296 791 1447 870 140

2351 1145 2570 1229 VIII.

1320 1467 1626 1551 Harum
1688 1466 2127 1551 litterarum
2194 1471 2562 1553 mandata
2641 1468 2853 1553 omni
2918 1469 3440 1581 appellatione
3527 1476 3789 1555 amota

1134 1634 1570 1738 exequatur
1634 1626 2007 1712 Aloisius-
2042 1627 2326 1711 Nazari
2426 1631 2522 1714 de
2610 1628 3032 1713 Calabiana
3125 1626 3787 1740 Archiepisoopus

1132 1788 1785 1893 Mediolanensis3
1855 1791 2066 1897 quod
2129 1789 2193 1873 si
2261 1789 2428 1901 ipse
2496 1789 2783 1900 exequi
2846 1788 3313 1899 nequiverit,
3379 1788 3625 1899 possit
3672 1789 3786 1872 al·-

1139 1947 1287 2032 teri
1358 1948 1849 2033 committere
1917 1947 2053 2059 qui
2117 1947 2505 2059 dignitate
2570 1948 2864 2058 polleat
2929 1946 3482 2051 ecclesiastiea,
3549 1946 3785 2056 idque

1135 2138 1227 2194 ea
1293 2109 1473 2220 lege
1538 2116 1628 2195 ut
1692 2112 2191 2195 decretorum
2275 2104 2811 2228 singulorum}
2880 2138 3082 2220 quae
3166 2109 3248 2193 in
3333 2106 3539 2193 hano
3620 2137 3787 2194 rem

1130 2269 1316 2354 ferri
1382 2271 1797 2381 oportebit,
1866 2269 2415 2357 authenticum
2481 2271 2884 2382 exemplar
2970 2272 3068 2354 ad
3156 2269 3589 2356 Consilium
3654 2298 3779 2355 re-

1134 2459 1310 2513 rum
1378 2430 1593 2517 Sacri
1660 2431 2120 2518 Consistorii
2184 2432 2567 2520 mittatur.

2385 2757 2530 2840 IX.

1318 3076 1727 3162 Contraria
1794 3106 2156 3188 quaeque
2224 3076 2423 3162 nihil
2490 3080 2829 3180 obstent,
2877 3106 2969 3162 ac
3013 3075 3307 3162 nemini
3351 3074 3587 3161 liceat
3628 3072 3781 3160 hoe

1130 3235 1411 3323 Sacrae
1478 3236 2136 3364 Congregationis
2202 3236 2784 3323 Consistorialis
2872 3239 3282 3322 decretum
3346 3234 3475 3321 vel
3553 3236 3779 3321 obre-

1128 3397 1416 3508 ptionis
1479 3398 1610 3485 vel
1675 3398 2202 3509 subreptionis
2268 3398 2521 3485 aliove
2589 3389 2865 3510 quovis
2930 3397 3121 3485 vitio
3186 3404 3487 3483 notare.

1311 3558 1609 3643 Datum
1670 3560 1971 3645 Romae
2039 3587 2082 3645 e
2149 3559 2589 3647 Secretaria
2653 3560 2728 3648 S.
2793 3556 3455 3670 Congregationis
3501 3554 3777 3642 Consi-

1128 3717 1466 3805 storialis
1529 3719 1679 3806 hae
1744 3721 1870 3807 die
1948 3721 2058 3805 14
2126 3722 2613 3832 Septembris
2688 3722 2950 3827 1884,
2986 3720 3202 3810 Sacri
3281 3718 3780 3830 Principatus

1128 3909 1333 3967 anno
1396 3882 1574 3968 VII.

1441 4042 1880 4130 Concordat
1945 4072 2126 4128 cum
2190 4041 2557 4153 originali

2312 4363 2397 4449 o,
2468 4365 2727 4451 eom
2792 4367 2993 4453 secr.
3145 4313 3152 4318 ’

1532 4526 1626 4610 F.
1695 4526 2206 4610 MERCURELLI
2273 4525 2443 4613 Sao.
2513 4525 2762 4637 Oong.
2833 4522 3411 4611 Consistorialis
3477 4522 3770 4610 Secret.
