4497 6714
1216 1119 1895 1247 LITTERAE
1986 1116 2925 1247 APOSTOLIOAE

909 1487 1186 1554 QUIBUS
1274 1488 1773 1556 ALIQUANTUM
1853 1487 2309 1545 RELAXATUR.
2396 1490 2544 1544 LEX
2622 1491 2722 1544 DE
2804 1489 3243 1545 MINISTERIO

1836 1650 1930 1704 AB
1996 1648 2330 1706 ALUMNIS

984 1811 1143 1866 CUM
1184 1810 1598 1867 PONTIFICII
1646 1811 2039 1866 SEMINARII
2093 1811 2387 1866 ROMANI
2431 1813 2589 1868 TUM
2634 1811 3025 1867 SEMINARII
3075 1811 3180 1866 PII

1238 1972 1650 2028 ECCLESIAE
1718 1972 1778 2027 S.
1846 1971 2341 2027 APOLLINARIS
2407 1972 2924 2029 PRAESTANDO.

1647 2453 1904 2550 LEO
1976 2454 2171 2549 PP.
2239 2453 2523 2551 XIII.

1491 2830 1592 2885 AD
1659 2827 2022 2885 FUTURAM
2089 2829 2217 2884 REI
2281 2829 2711 2885 MEMORIAM.

779 3152 1149 3319 inclytae
1216 3210 1846 3319 fortissimaeque
1894 3209 2470 3294 Germanorum
2514 3207 2831 3293 Nationi
2896 3207 3430 3318 superioribus

785 3372 1144 3477 saeculiS,
1210 3379 1522 3483 praeter
1567 3370 1757 3455 alias
1801 3371 2098 3472 laudeS,
2146 3371 2496 3456 sincerae
2556 3370 2737 3455 fidei
2782 3369 3433 3479 Christianaeque

786 3533 1192 3645 religionis
1276 3533 1495 3619 cultu
1581 3532 2070 3642 conspicuae,
2151 3532 2684 3617 miserandum
2770 3533 2851 3616 in
2934 3534 3254 3618 modum
3336 3533 3435 3617 ob

791 3692 1129 3779 excitata
1193 3694 1289 3775 ab
1355 3690 1670 3775 inimico
1734 3690 2054 3776 homine
2101 3693 2198 3775 dc
2247 3690 2629 3800 religione
2695 3690 3014 3775 dissidia
3079 3691 3436 3796 afflictae,

792 3851 1230 3938 remedium
1294 3852 1574 3936 afferre
1641 3849 2058 3936 intendens
2124 3850 2255 3935 fel.
2322 3879 2479 3935 rec.
2530 3852 2966 3962 Gregorius
3011 3853 3219 3935 XIII
3262 3850 3443 3938 heic

796 4013 877 4096 in
940 4012 1171 4097 Alma
1235 4013 1452 4098 Urbe
1519 4011 2079 4096 Germanicum
2145 4011 2592 4122 Collegium
2655 4012 3016 4097 instituit.
3067 4012 3448 4116 Quocirca.

798 4172 1059 4258 deleto
1125 4171 1354 4256 titulo
1420 4171 1906 4256 cardinalitio
1972 4172 2046 4258 S.
2115 4171 2613 4280 ApollinariS,
2704 4173 3229 4283 extinctisque
3294 4173 3490 4268 ibin

801 4334 982 4417 dem
1045 4318 1512 4441 praebendis
1579 4330 2160 4415 canonicalibus
2228 4330 2309 4414 in
2370 4330 2695 4415 aedibus
2746 4333 3041 4441 templo
3086 4332 3160 4418 S.
3208 4332 3449 4443 Apol-

805 4490 1073 4575 linaris
1137 4490 1700 4592 adiacentibuS,
1789 4489 2143 4574 eiusdem
2228 4489 2566 4600 Oollegii
2653 4491 3061 4576 constituit
3139 4495 3450 4594 sedem,

805 4650 1206 4761 ipsiusque
1272 4650 1545 4761 templi
1612 4650 1912 4734 cultum
1992 4648 2248 4734 eidem
2334 4650 2689 4760 Collegio
2775 4651 3010 4735 certis
3098 4652 3458 4737 attribuit

806 4811 1143 4922 legibus.
1211 4809 1610 4895 Restituta
1672 4809 1855 4894 dein
1920 4809 2294 4895 societate
2359 4810 2545 4895 Iesu
2619 4816 2700 4896 et
2761 4810 3216 4921 postliminii
3281 4811 3451 4897 iure

809 4974 907 5056 ab
973 4971 1327 5057 eiusdem
1389 4966 1786 5054 societatis
1843 4967 2240 5052 sodalibus
2284 4974 2602 5078 recepto
2671 4967 3028 5080 Collegio
3073 4973 3455 5075 Romane,

812 5133 1021 5243 quod
1085 5133 1182 5215 ab
1249 5129 1603 5215 eiusdem
1666 5126 2063 5214 societatis
2127 5127 2678 5238 suppressione
2754 5129 3254 5215 Pontificium
3322 5132 3463 5218 Se-

817 5289 1234 5375 minarium
1296 5290 1743 5374 Romanum
1806 5287 2276 5389 obtinuerat,
2343 5286 2591 5372 dictas
2647 5287 2722 5374 S.
2790 5288 3263 5399 Apollinaris
3328 5321 3460 5378 ae-
