4497 6714
3072 814 3220 897 173

1570 1128 1580 1138 ’
1651 1168 2425 1301 ALLooUno

1103 1527 1379 1583 HABITA
1447 1529 1578 1583 DIE
1642 1528 1691 1583 X
1758 1527 2190 1583 NOVEMBRIS
2256 1525 2382 1581 AN.
2450 1519 2984 1580 MDCCCLXXXIV

999 1689 1099 1746 AD
1167 1691 1226 1746 S.
1294 1691 1366 1745 R.
1435 1690 1506 1747 Ε.
1577 1689 2048 1746 CARDINALES
2116 1688 2195 1742 IN
2261 1686 2589 1743 AEDIBUS
2667 1680 3088 1739 VATICANIS.

1395 2379 2144 2467 VENERABILES
2208 2377 2698 2467 FRATRES

721 2723 1011 2884 Quam
1077 2824 1354 2905 aspera
1396 2794 1475 2878 in
1532 2794 1971 2895 Ecclesiam
2015 2793 2317 2879 saevire
2382 2791 2726 2902 procella
2789 2797 3094 2900 pergat,
3134 2816 3374 2898 quam

724 2955 1043 3041 crebrae
1142 2956 1299 3041 sint
1399 2958 1497 3042 ob
1562 2955 1768 3040 hanc
1836 2985 2192 3041 caussam
2265 2980 2658 3066 quamque
2757 2980 3038 3064 graves
3133 2949 3381 3034 Nobis

723 3116 1231 3227 praesertim,
1300 3117 1434 3229 qui
1516 3121 1614 3203 ad
1691 3119 2234 3230 gubernacula
2315 3120 2723 3219 sedenmS,
2812 3112 3381 3201 sollicitudines

724 3276 964 3361 animi
1030 3280 1509 3384 subeundae,
1578 3278 1877 3366 nemini
1941 3280 2272 3365 fortasse
2339 3278 2622 3365 melius
2688 3284 2810 3365 est
2874 3306 3108 3388 quam
3143 3273 3385 3362 Vobis

729 3442 1159 3554 cognitum,
1230 3442 1367 3554 qui
1431 3443 1512 3527 in
1577 3441 2192 3527 administranda
2258 3438 2685 3525 christiana
2727 3438 3132 3551 republica
3199 3466 3382 3523 con-

726 3605 990 3689 silium
1068 3605 1315 3692 Nobis
1396 3634 1872 3715 operamque
1938 3611 2339 3715 praestare
2435 3633 2576 3714 pro
2674 3603 3060 3715 dignitate
3125 3608 3387 3689 vestra

730 3762 963 3865 soliti,
1033 3794 1268 3875 saepe
1335 3765 1415 3848 in
1484 3764 1760 3849 mediis
1825 3793 2090 3849 rerum
2134 3763 2727 3850 difficultatibus
2761 3763 3188 3849 Nobiscum
3226 3791 3384 3847 una

727 3923 1168 4008 versamini.
1237 3926 1525 4011 Postea
1587 3953 1773 4011 vero
1838 3953 2075 4035 quam
2111 3992 2130 4026 ,
2199 3925 2402 4010 datis
2466 3926 2548 4009 in
2613 3925 2693 4010 id
2757 3924 3080 4010 Litteris
3124 3925 3382 4032 Ency-

729 4083 970 4186 elicis,
1040 4084 1363 4169 consilia
1428 4093 1508 4170 et
1572 4093 1781 4171 artes
1846 4086 2315 4171 societatum
2403 4085 3069 4171 clandestinarum
3135 4085 3384 4170 libere

729 4244 1204 4356 aperuimuS,
1274 4248 1485 4356 quod
1548 4246 1864 4332 omnino
1930 4277 1976 4330 a
2042 4247 2288 4331 Nobis
2354 4254 2436 4333 et
2499 4247 2730 4333 officii
2777 4246 3044 4331 Nostri
3113 4254 3193 4331 et
3259 4275 3383 4330 sa-

728 4405 915 4490 lutis
978 4406 1340 4516 publicae
1404 4407 1603 4491 ratio
1667 4408 2139 4518 postulabat,
2187 4408 2626 4494 inveterata
2668 4407 3161 4492 inimicorum
3207 4406 3383 4492 odia

729 4565 1048 4677 gravius
1112 4566 1350 4653 etiam
1412 4568 1777 4654 videntur
1840 4568 2248 4672 exarsisse,
2329 4577 2419 4654 ut
2501 4572 3014 4655 metuendum
3098 4568 3200 4653 sit
3283 4596 3384 4653 ne

730 4726 986 4838 magis
1048 4726 1434 4814 laboriosa
1532 4728 1962 4814 certamina
2058 4729 2225 4815 dies
2291 4730 2593 4817 afferat.
2643 4781 2762 4794 —
2818 4731 3382 4817 Verumtamen

730 4891 1270 4999 quoscumque
1333 4891 1649 4974 demum
1719 4918 1946 4974 casus
2023 4873 2340 4976 inimica
2434 4891 2551 4976 vis
2646 4890 3054 4995 invexerit,
3123 4891 3381 4976 securi

730 5048 1292 5160 suscipiemus:
1344 5049 1439 5140 fin
1505 5049 1755 5136 tutela
1841 5049 2052 5136 enim
2146 5051 2739 5162 patrocinioque
2804 5051 2957 5137 Dei
3024 5051 3379 5164 omnipo-

729 5211 969 5297 tentis
1034 5212 1688 5324 conquiescimUS,
1726 5213 1973 5324 cuius,
2014 5224 2135 5301 est
2197 5217 2583 5303 beneficio
2639 5221 2911 5303 datum
2955 5218 3380 5304 tributum-

736 5399 890 5481 que
956 5373 1359 5459 Ecclesiae
1426 5403 1657 5476 suae,
1726 5381 1836 5480 ut,
1908 5404 2000 5461 eo
2068 5375 2386 5486 auspice
2454 5384 2535 5462 et
2599 5377 2980 5480 adiutore,
3019 5377 3097 5462 in
3156 5407 3387 5464 omne
