4497 6714
1796 1153 2545 1283 DECRETUM

999 1538 1100 1591 DE
1166 1538 1559 1611 PRECIBUS,
1627 1537 1967 1593 PERACTO
2035 1538 2301 1592 MISSAE
2369 1536 2814 1610 SACRIFICIO,
2883 1536 3073 1592 ΤΟΤΟ
3142 1536 3338 1592 ORBE

1868 1702 2457 1757 PERSOLVENDIS.

842 2700 1033 2849 Iam
1095 2765 1279 2852 inde
1362 2769 1461 2851 ab
1541 2795 1747 2853 anno
1812 2796 2193 2855 Mucccmx
2276 2798 2385 2853 sa.
2453 2796 2606 2853 me.
2697 2766 2889 2853 Pius
2953 2769 3113 2852 ΡΡ.
3182 2769 3329 2870 ΙΧ,
3398 2770 3499 2851 ad

843 2923 1415 3036 impetrandam
1479 2929 1632 3014 Dei
1696 2957 1949 3040 opem,
1998 2958 2235 3040 quam
2278 2935 2634 3040 tempora
2698 2928 3045 3014 difficilia
3098 2934 3179 3014 et
3222 2955 3498 3038 aspera

842 3085 1336 3197 flagitabant,
1422 3089 1856 3201 praecepit,
1942 3097 2054 3183 ut,
2140 3089 2223 3174 in
2305 3090 2623 3202 templis
2706 3090 3071 3177 omnibus
3155 3088 3497 3174 Ditionis

842 3248 1327 3352 Pontificiae,
1397 3256 1658 3336 certae
1722 3279 2021 3363 preces,
2071 3251 2357 3362 quibus
2422 3280 2682 3337 sacras
2745 3250 3296 3363 Indulgentias
3361 3251 3499 3333 ad-

846 3408 1231 3514 iunxerat,
1298 3419 1616 3523 peracto
1682 3419 2178 3499 sacrosancto
2242 3414 2531 3499 Missae
2596 3412 3003 3516 sacrificio,
3068 3411 3497 3498 recitaren-

841 3576 995 3655 tur.
1062 3572 1421 3658 Iamvero
1485 3573 1859 3684 gravibus
1923 3572 2181 3658 adhuc
2244 3573 2771 3659 insidentibus
2814 3572 3064 3678 maliS,
3114 3600 3262 3658 nec
3305 3570 3496 3655 satis

843 3740 1147 3818 remota
1210 3733 1654 3844 suspicione
1719 3733 2193 3845 graviorum,
2261 3763 2442 3820 cum
2482 3733 2842 3820 Ecclesia
2886 3731 3294 3820 Catholica
3335 3729 3496 3816 sin-

847 3893 1106 4004 gulari
1170 3894 1321 3981 Dei
1386 3894 1774 4007 praesidio
1818 3901 2227 4005 tantopere
2272 3895 2650 4007 indigeat,
2717 3893 3272 3982 Sanctissimus
3334 3892 3498 3978 Do-

846 4057 1107 4142 minus
1169 4058 1459 4144 Noster
1522 4060 1689 4143 LEo
1754 4060 1971 4142 PAPA
2036 4059 2241 4142 XIII
2309 4065 2839 4169 opportunum
2901 4054 3299 4158 iudicavit,
3367 4081 3499 4139 eas

846 4217 1054 4330 ipsas
1117 4249 1392 4331 preces
1457 4219 1856 4305 nonnullis
1918 4219 2275 4330 partibus
2317 4219 2771 4305 immutatas
2834 4224 3002 4304 toto
3069 4218 3258 4303 orbe
3321 4244 3500 4327 per-

849 4379 1069 4485 solvi,
1136 4388 1226 4467 ut
1292 4384 1502 4492 quod
1568 4379 2039 4467 christianae
2104 4381 2589 4493 reipublicae
2653 4381 2734 4465 in
2779 4406 3194 4465 commune
3261 4405 3501 4487 expe-

848 4540 986 4645 dit,
1051 4540 1132 4626 id
1197 4541 1593 4628 communi
1657 4569 1893 4651 prece
1979 4542 2318 4652 populus
2407 4539 2880 4626 christianus
2944 4568 2990 4624 a
3054 4539 3227 4624 Deo
3313 4564 3500 4622 con-

847 4704 1143 4807 tendat,
1210 4708 1601 4812 auctoque
1667 4701 2277 4814 supplicantium
2342 4730 2671 4788 numero
2736 4700 3044 4786 divinae
3118 4697 3502 4785 beneficia

848 4861 1427 4949 misericordiae
1489 4863 1796 4949 facilius
1859 4870 2349 4975 assequatur.
2398 4914 2518 4928 -—
2561 4865 2843 4974 Itaque
2911 4861 3300 4950 Sanctitas
3346 4861 3502 4948 Sua

851 5051 993 5133 per
1056 5052 1431 5136 praesens
1496 5025 1910 5112 Sacrorum
1973 5026 2309 5112 Rituum
2351 5022 3009 5136 Congregationis
3072 5023 3504 5109 Decretum

856 5186 1277 5292 mandavit,
1361 5193 1452 5272 ut
1531 5185 1616 5271 in
1695 5193 2101 5302 posterum
2184 5187 2269 5272 in
2350 5186 2714 5273 omnibus
2797 5191 2970 5271 tum
3031 5182 3273 5270 Urbis
3334 5190 3504 5269 tum

860 5345 1227 5434 catholici
1293 5347 1504 5435 orbis
1567 5347 1946 5434 Ecclesiis
2008 5376 2286 5459 preces
2349 5346 2552 5432 infra
2614 5343 2975 5456 scriptae,
3019 5351 3143 5431 ter
3186 5351 3504 5430 centum
