4497 6714
1211 784 1362 863 134

1052 969 1232 1050 dam
1298 969 1543 1055 Nobis
1609 974 2275 1083 opportunitatem
2338 978 2686 1085 praebet,
2731 982 2823 1060 ut
2865 976 3464 1061 Venerabilibus
3512 977 3706 1059 Fra-

1049 1130 1301 1216 tribus
1364 1133 1773 1244 Episcopis
1817 1133 2333 1222 Americanae
2379 1136 2726 1248 regionis
2772 1136 3197 1248 gratificari
3264 1144 3345 1222 et
3397 1135 3706 1247 piarum

1051 1292 1632 1380 institutionum
1678 1298 1909 1400 bono,
1955 1297 2228 1409 reique
2276 1326 2543 1399 sacrae
2607 1298 2932 1383 utilitati
2986 1300 3247 1385 favere
3293 1297 3705 1408 possimus

1056 1449 1224 1553 Qua
1289 1452 1369 1536 in
1434 1482 1519 1539 re
1585 1457 1772 1538 dum
1840 1456 2145 1541 occasio
2212 1487 2258 1540 a
2321 1458 2543 1543 vobis
2623 1458 3044 1544 exhibetur
3120 1458 3483 1543 fidelibus
3519 1524 3538 1560 ,
3621 1463 3712 1540 ut

1052 1613 1426 1699 virtutem
1493 1622 1573 1701 et
1636 1616 2005 1702 meritum
2049 1624 2401 1703 vestrum
2447 1620 2899 1731 suscipiant,
2956 1619 3476 1704 dubitandum
3522 1646 3708 1702 sane

1056 1802 1212 1860 non
1279 1782 1400 1861 est
1466 1776 1654 1886 quin
1720 1778 1939 1862 Deus
2002 1779 2389 1864 bonorum
2457 1802 2779 1890 operum
2835 1780 3285 1881 retributor,
3333 1807 3471 1865 vos
3516 1782 3712 1865 ube-

1052 1937 1271 2021 ribus
1337 1966 1525 2023 suae
1590 1938 2105 2050 benignitatis
2170 1941 2556 2026 fructibus
2621 1950 3195 2027 remuneretur.
3263 1941 3494 2027 Ultro
3560 1938 3711 2051 igi-

1053 2105 1182 2182 tur
1218 2164 1237 2201 ,
1306 2099 1596 2183 dilecta
1660 2100 1739 2184 in
1807 2099 2122 2186 Christo
2187 2100 2347 2186 filia
2383 2167 2402 2203 ,
2471 2101 2615 2185 tibi
2681 2108 2761 2187 et
2825 2100 3244 2212 religiosae
3317 2099 3712 2186 sodalitati

1051 2266 1235 2344 tuae
1301 2259 1568 2344 Nostri
1613 2260 1819 2371 grati
1864 2261 2101 2346 animi
2148 2290 2429 2348 sensus
2474 2291 2564 2347 ac
2608 2268 2980 2374 paternae
3048 2259 3490 2347 dilectionis
3545 2267 3712 2345 stu-

1051 2418 1268 2504 dium
1331 2421 1812 2531 profitemur,
1880 2429 2117 2532 atque
2184 2453 2229 2505 a
2294 2424 2466 2508 Deo
2530 2421 3101 2533 benignissimo
3189 2420 3556 2532 petimus,
3622 2426 3713 2503 ut

1053 2587 1133 2665 te
1209 2587 1605 2690 tuamque
1671 2580 2163 2666 sodalitatem
2240 2588 2642 2693 compotes
2715 2582 2951 2665 saciat
3026 2580 3378 2665 omnium
3457 2580 3714 2665 caele-

1057 2740 1296 2826 stium
1362 2772 1804 2843 munerum,
1874 2770 2074 2852 quae
2140 2742 2392 2853 pietas
2458 2751 2718 2828 vestra
2783 2750 2862 2827 et
2924 2744 3313 2827 bonorum
3389 2770 3714 2853 operum

1053 2900 1225 2985 laus
1289 2910 1804 3012 promeretur.
1887 2902 2004 2987 Sit
2082 2906 2403 2988 demum
2479 2932 2773 3013 auspex
2852 2902 3204 2987 omnium
3281 2901 3713 3012 gratiarum

1055 3067 1136 3146 et
1198 3061 1490 3174 pignus
1534 3063 1885 3150 sincerae
1935 3064 2284 3148 caritatis
2331 3065 2663 3149 Nostrae
2712 3062 3163 3174 Apostolica
3226 3061 3715 3163 Benedictio,

1055 3250 1290 3331 quam
1354 3223 1554 3327 tibi,
1620 3231 1917 3335 tuoque
1975 3224 2320 3310 Consilio
2387 3223 2848 3333 cunctisque
2916 3222 3155 3308 sacris
3220 3222 3659 3333 virginibus
3696 3287 3714 3324 ,

1055 3382 1342 3494 quibus
1406 3385 1828 3497 praesideS,
1896 3392 2397 3499 peramanter
2460 3384 2540 3469 in
2605 3384 2944 3471 Domino
3013 3384 3528 3495 impertimus.

1242 3547 1536 3631 Datum
1570 3547 1872 3633 Romae
1907 3550 2115 3659 apud
2148 3546 2224 3633 S.
2261 3549 2590 3632 Petrum
2627 3547 2753 3631 die
2789 3546 2898 3630 10
2926 3543 3410 3656 Septembris
3455 3545 3716 3648 1884,

1056 3708 1571 3794 Pontificatus
1638 3710 1902 3794 Nostri
1969 3739 2173 3794 anno
2239 3710 2599 3819 septimo.

2026 4031 2229 4114 LEO
2295 4031 2455 4113 ΡΡ.
2524 4031 2751 4112 XIII.
