4497 6714
3232 736 3338 813 23

2030 891 2077 910 S

1835 1074 2505 1208 EPISTOLA

1845 1450 2188 1507 DILECTIS
2254 1451 2479 1506 FILIIS

1073 1612 1546 1671 DOCTORIBUS
1611 1612 2072 1670 FACULTATIS
2138 1612 2669 1670 THEOLOGICAE
2735 1612 2782 1667 E
2850 1611 3006 1667 SOC.
3074 1612 3247 1668 IESU

832 1774 915 1828 IN
972 1774 1038 1830 C.
1087 1775 1160 1829 R.
1209 1773 1760 1830 UNIVERSITATE
1816 1772 2376 1848 OENIPONTANA,
2431 1773 2525 1827 ET
2580 1772 2790 1830 IULIO
2847 1772 3078 1830 COSTA
3131 1721 3486 1828 RoSSE'rTI

1022 1934 1122 1988 EX
1188 1933 1364 1989 EAD.
1434 1932 1594 1989 Soc.
1662 1932 1990 1990 DOCTORI
2068 1932 2395 1990 ETHICAE
2475 1934 2571 1988 ΕΤ
2635 1934 2840 1992 IURIS
2916 1933 3297 1991 NATURAE.
3576 1872 3580 1876 '

2684 2093 3175 2150 OENIPONTEM

1704 2559 1960 2657 LEO
2028 2560 2230 2657 ΡΡ.
2303 2558 2594 2656 XIII.

1893 2953 2198 3009 DILECTI
2264 2953 2448 3008 FILII

1258 3115 1606 3173 SALUTEM
1671 3114 1766 3169 ET
1830 3113 2349 3170 APOSTOLICAM
2412 3111 3062 3169 BENEDICTIONEM.

834 3431 1213 3582 Reddita
1302 3495 1548 3581 Nobis
1612 3497 1931 3579 fuerunt
2015 3522 2155 3603 per
2241 3492 2643 3579 Dilectum
2728 3491 3021 3576 Filium
3107 3492 3486 3578 Nostrum

835 3660 1212 3743 Ioannem
1278 3655 1718 3765 Baptistam
1786 3654 1860 3740 S.
1884 3656 1976 3737 E.
2000 3656 2096 3737 R.
2143 3656 2499 3760 Presbyt.
2539 3652 3034 3738 Cardinalem
3067 3653 3485 3738 Franzelin

834 3814 1232 3901 volumina
1296 3842 1646 3923 operum,
1696 3841 1895 3923 quae
1961 3841 2098 3897 vos
2164 3815 2261 3896 ad
2328 3812 2751 3897 utilitatem
2819 3840 3115 3915 eorum,
3176 3812 3309 3922 qui
3363 3842 3487 3897 sa-

838 4005 1007 4060 cras
1089 3974 1455 4059 scientias
1541 3981 1621 4059 et
1696 3970 2279 4084 philosophicas
2367 3971 2817 4082 disciplinas
2896 3971 3187 4076 colunt,
3252 3972 3487 4057 variis

834 4132 1320 4243 temporibus
1386 4134 1689 4217 edenda
1754 4131 2109 4215 curastis.
2180 4130 2736 4215 Gratissimum
2818 4131 2967 4215 fuit
3034 4131 3300 4234 Nobis,
3367 4131 3485 4214 di-

839 4291 1024 4378 lecti
1105 4291 1287 4392 filii,
1372 4290 1569 4377 haec
1655 4299 1918 4376 vestra
2006 4321 2334 4377 munera
2433 4292 2842 4404 excipere,
2944 4322 3144 4402 quae
3230 4292 3486 4378 filialis

838 4450 1193 4560 obsequii
1256 4450 1495 4536 vestri
1564 4450 1807 4535 Nobis
1872 4450 2414 4535 testimonium
2489 4453 3024 4562 praebuerunt
3041 4480 3060 4555 3
3127 4452 3484 4563 gratissi-

837 4642 1054 4696 mum
1118 4613 1409 4723 pariter
1471 4613 1916 4724 perspicere
2004 4614 2083 4696 in
2152 4613 2271 4718 iis,
2340 4643 2541 4724 quae
2609 4616 2707 4699 de
2773 4614 3139 4725 operibus
3204 4614 3484 4700 vestris

836 4774 1183 4861 delibare
1251 4775 1496 4859 Nobis
1562 4775 1806 4880 licuit,
1876 4776 2286 4887 egregiam
2351 4776 2860 4880 voluntatem,
2909 4806 3062 4886 qua
3128 4776 3282 4860 illis
3346 4778 3483 4862 do-

837 4935 1226 5020 cumentis
1289 4933 1742 5038 inhaeretiS,
1792 4963 1992 5044 quae
2058 4936 2221 5020 Nos
2288 4938 2386 5020 ad
2440 4936 2814 5047 optimam
2859 4937 3294 5021 studiorum
3359 4966 3484 5021 ra-

836 5094 1132 5180 tionem
1194 5097 1804 5205 promovendam
1869 5095 2358 5199 tradidimus,
2427 5103 2507 5182 et
2570 5097 2874 5183 nobiles
2930 5126 3155 5181 curas
3201 5096 3485 5206 quibus

836 5257 935 5338 ad
978 5282 1249 5338 sanam
1291 5253 1728 5339 doctrinam
1772 5254 2340 5360 illustrandam,
2379 5260 2754 5342 tuendam
2788 5263 2869 5341 et
2900 5259 3486 5367 propagandam
