4497 6714
3172 824 3319 901 119

1284 1165 1964 1295 LITTERAE
2051 1163 2989 1295 APOSTOLIOAE

855 1559 1134 1626 QUIBUS
1197 1560 1282 1614 IN
1346 1559 1777 1617 NONNULLIS
1860 1561 2245 1618 INDIARUM
2322 1560 2847 1618 ORIENTALIUM
2911 1559 3443 1616 VICARIATIBUS

1006 1721 1727 1777 EXTRAORDINARIAE
1795 1723 2344 1779 IURISDICTIONI
2403 1720 2977 1778 ARCHIEPISCOPI
3041 1720 3275 1777 GOANI

1785 1886 1984 1941 FINIS
2050 1886 2495 1942 IMPONITUR.

1718 2459 1978 2553 LEO
2045 2461 2235 2555 PP.
2312 2458 2591 2553 XIII.

1532 2870 1632 2926 AD
1700 2871 2067 2929 FUTURAM
2130 2872 2261 2927 REI
2325 2870 2759 2930 MEMORIAM.

827 3185 1131 3340 Studio
1199 3259 1279 3338 et
1340 3252 1751 3364 vigilantia
1815 3252 2178 3357 mirabili,
2213 3251 2554 3337 Romani
2616 3251 3043 3339 Pontifices
3087 3253 3475 3339 Decesso-

824 3447 951 3503 res
1013 3414 1282 3501 Nostri
1346 3414 1608 3500 omnia
1670 3443 1982 3527 semper
2047 3414 2799 3526 circumspexerunt,
2865 3421 2955 3500 ut
3018 3415 3100 3501 in
3163 3413 3476 3526 longin-

826 3579 1003 3690 quis
1066 3576 1470 3661 Indiarum
1554 3575 2071 3662 Orientalium
2151 3575 2612 3688 regionibus
2697 3575 3125 3661 christiana
3196 3575 3479 3688 religio

823 3742 980 3827 iam
1043 3739 1224 3826 inde
1292 3741 1389 3822 ab
1457 3765 1550 3824 eo
1615 3744 1993 3849 tempore,
2077 3767 2232 3848 quo
2313 3735 2441 3822 his
2528 3736 2720 3823 locis
2785 3737 3134 3841 effulsit,
3201 3737 3478 3822 faustis

821 3900 1328 3988 incrementis
1391 3899 1472 3983 in
1537 3898 1704 3984 dies
1768 3900 2258 4002 floresceret,
2348 3906 2429 3984 et
2518 3899 2698 3985 fidei
2786 3898 3203 4011 integritas
3269 3869 3481 3984 sarta

818 4070 1030 4149 tecta
1093 4067 1560 4146 servaretur.
1629 4061 1720 4142 Id
1784 4066 1956 4144 tum
2020 4088 2288 4145 sacrae
2358 4058 2901 4170 expeditiones
2979 4057 3478 4168 Apostolicae

820 4224 1043 4314 Sedis
1108 4223 1457 4334 auspicio
1546 4221 1924 4334 iussuque
2014 4230 2428 4333 susceptae
2466 4288 2484 4325 ,
2584 4228 2753 4306 tum
2832 4220 3336 4306 Dioecesium
3401 4226 3483 4306 et

823 4384 1454 4495 Apostolicorum
1519 4382 2056 4468 Vicariatuum
2139 4380 2728 4484 institutioneS,
2817 4388 2984 4466 tum
3066 4379 3483 4467 Sacrorum

827 4543 1289 4629 Antistitum
1355 4542 1821 4653 designatio,
1889 4542 2255 4652 lataeque
2300 4541 2523 4654 leges
2587 4541 2669 4626 in
2730 4545 3188 4629 eorumdem
3253 4540 3483 4627 Vica-

824 4706 1168 4791 riatuum
1233 4705 1783 4816 procuratione
1860 4707 2288 4792 servandae
2354 4711 2769 4791 testantur.
2832 4704 2988 4791 Sed
3038 4703 3485 4789 labentibus

826 4865 1050 4950 annis
1112 4867 1329 4951 vafer
1391 4864 1719 4950 humani
1786 4865 2103 4977 generis
2157 4865 2522 4950 inimicus
2586 4863 3057 4966 intercessit,
3105 4872 3186 4950 et
3260 4891 3487 4949 exor-

825 5025 927 5110 tis
989 5024 1273 5111 deinde
1338 5025 1677 5111 dissidiis
1742 5026 1949 5111 inter
2030 5022 2353 5113 Olerum
2417 5023 2936 5110 iurisdictioni
2999 5021 3490 5111 Venerabilis

828 5185 1127 5271 Fratris
1190 5183 1785 5297 Archiepiscopi
1850 5184 2105 5271 Goani
2171 5183 2596 5270 obnoxium
2674 5190 2755 5272 et
2797 5181 3290 5295 Apostolicos
3355 5181 3489 5268 Vi-

830 5346 1104 5451 carios,
1151 5346 1582 5457 provisoria
1643 5346 1946 5431 ratione
2013 5348 2113 5430 ad
2176 5374 2271 5430 ea
2335 5344 2770 5431 dirimenda
2850 5343 3104 5429 visum
3172 5350 3292 5430 est
3357 5373 3494 5430 ex-
