4497 6714
3207 807 3352 882 5211

1016 976 1114 1039 sia
1161 976 1245 1040 ad
1294 976 1688 1061 f1·ange.:dos
1737 978 2121 1045 Massonum
2168 981 2451 1065 impetus
2515 983 2911 1067 conspirare.
2966 1022 3046 1030 —
3099 983 3171 1046 In
3224 992 3357 1048 tam

1007 1100 1199 1183 gravi
1246 1123 1323 1165 ac
1370 1103 1561 1166 nimis
1610 1105 1739 1167 iam
1772 1118 2131 1189 pervagato
2169 1108 2341 1172 malo
2374 1107 2661 1193 applicat
2693 1111 2982 1174 animum
3028 1109 3112 1174 ad
3162 1133 3359 1196 quae-

1009 1224 1216 1289 renda
1260 1225 1574 1290 remedia.
1624 1265 1706 1275 —
1754 1228 1971 1294 Docet
2002 1253 2132 1315 qua
2160 1234 2408 1296 ratione
2444 1243 2509 1296 ct
2541 1234 2778 1319 quibus
2828 1236 3029 1299 armis
3077 1236 3162 1299 sit
3213 1256 3359 1299 con-

1015 1357 1117 1411 tra
1164 1348 1281 1413 has
1330 1359 1546 1416 sectas
1580 1350 2027 1418 dimicandum
2086 1393 2164 1402 --
2195 1354 2671 1442 Quaecumque
2696 1357 2805 1420 alii
2841 1358 3115 1423 Romani
3159 1359 3364 1422 Fonti-

1015 1474 1172 1539 fiees
1221 1474 1342 1540 hac
1390 1476 1472 1541 dc
1520 1500 1591 1541 rc
1641 1489 2046 1561 sanxerunt,
2121 1481 2341 1545 omnia
2405 1492 2470 1544 et
2517 1482 2778 1565 singula
2840 1492 2984 1545 rata
3029 1481 3241 1546 habet
3305 1490 3372 1545 et

1017 1601 1380 1668 confirmat.
1435 1642 1514 1650 —
1565 1604 1739 1667 Hinc
1787 1605 2146 1690 Episcopos
2182 1605 2500 1681 hortatur,
2551 1616 2626 1671 ut
2672 1607 3004 1690 extirpare
3049 1606 3365 1670 Massoni-

1028 1749 1145 1792 cae
1194 1739 1413 1793 sectae
1461 1728 1636 1795 luem
1686 1732 1880 1795 enixe
1942 1732 2270 1797 studeant.
2325 1771 2404 1780 —
2457 1731 2794 1817 Optimam
2863 1732 3055 1796 huius
3126 1734 3221 1796 rei
3267 1754 3373 1815 ge-

1024 1851 1267 1916 rendae
1315 1855 1634 1917 rationem
1681 1853 2106 1938 demonstrat,
2156 1856 2504 1942 mediaque
2553 1867 2915 1941 opportune
2965 1858 3030 1919 in
3081 1855 3256 1919 hunc
3305 1856 3374 1918 fi-

1025 1998 1177 2040 nem
1226 1976 1603 2043 adhibenda
1649 1982 1988 2064 proponit.
2090 2030 2102 2043 .
2204 2034 2213 2043 .
2319 2034 2328 2043 .
2429 2035 2439 2045 .
2543 2034 2553 2045 .
2654 2034 2665 2045 .
2763 2029 2776 2042 .
2876 2032 2890 2045 .
2990 2034 3000 2043 .
3101 2034 3111 2044 .
3210 1980 3376 2046 PAG.
3473 1980 3555 2044 43

851 2226 1144 2291 Litterae
1193 2227 1611 2312 Apostolicae
1649 2229 1774 2294 sub
1801 2230 2066 2313 plumbo
2122 2258 2153 2288 «
2190 2232 2387 2295 Sacri
2419 2230 2836 2319 Apostolatus
2867 2260 2898 2289 »
2929 2232 3035 2296 die
3069 2232 3153 2295 26
3190 2232 3383 2315 Apri·

1024 2352 1100 2417 lis
1130 2376 1145 2434 ς
1195 2353 1277 2418 de
1324 2354 1695 2419 Parochiali
1732 2356 2033 2420 Ecclesia
2065 2357 2487 2441 Liqucitiana
2511 2357 2906 2422 Diocceseos
2944 2356 3380 2421 Victoriensis

1036 2478 1917 2563 inBasilicamerigcnda.
2014 2529 2027 2542 .
2125 2529 2139 2542 .
2238 2532 2252 2545 .
2351 2534 2364 2545 .
2462 2531 2475 2544 .
2573 2530 2587 2543 .
2684 2533 2698 2546 .
2798 2536 2810 2547 .
2908 2531 2922 2544 .
3017 2530 3032 2546 .
3132 2533 3144 2545 .
3245 2533 3256 2545 .
3356 2504 3388 2536 ›>
3487 2480 3563 2543 71

855 2728 1150 2793 Litterae
1198 2731 1616 2815 Apostolicae
1666 2729 1791 2795 sub
1839 2730 2033 2796 anulo
2081 2732 2442 2797 Piscatoris
2498 2766 2527 2794 «
2591 2732 2857 2819 Templa
2926 2733 3055 2796 Dei
3109 2761 3135 2788 ι»
3191 2731 3296 2796 die
3345 2731 3386 2793 2

1031 2856 1226 2940 Maiir,
1275 2858 1517 2944 quibus
1566 2862 1888 2944 templum
1937 2861 2002 2925 S.
2052 2861 2383 2925 Dominici
2433 2862 2763 2925 Bononiae
2828 2861 3028 2924 situm
3083 2859 3169 2923 ad
3202 2858 3387 2921 Basi-

1028 2980 1196 3047 licae
1243 2984 1510 3049 minoris
1558 2984 1943 3067 dignitatem
1993 2986 2295 3050 evehitur
2334 3037 2348 3050 .
2448 3038 2456 3047 .
2559 3037 2571 3049 .
2670 3008 2678 3017 ·
2779 3032 2792 3045 .
2892 3037 2901 3047 .
3005 3036 3015 3046 .
3117 3034 3129 3048 .
3227 3032 3242 3046 .
3342 3010 3373 3039 »
3484 2985 3552 3047 ιῖ

857 3233 1213 3298 Instructio
1267 3262 1297 3292 «
1351 3234 1458 3297 Acl
1502 3237 1898 3323 qravissima
1944 3236 2294 3299 avertenda
2348 3265 2376 3293 ›>
2430 3234 2535 3299 die
2587 3236 2668 3300 10
2715 3234 2871 3297 Maii
2905 3232 2988 3296 ad
3025 3252 3251 3297 omncs
3278 3254 3386 3296 ca·

1037 3359 1262 3425 tholici
1314 3361 1488 3426 orbis
1538 3362 1920 3446 EpiscopOS.
1967 3400 2049 3410 —
2084 3362 2407 3445 Suprema
2441 3360 2873 3445 Congregatio
2923 3359 3209 3425 Sanctae
3258 3359 3383 3422 Ro-

1034 3509 1267 3551 manae
1314 3498 1381 3552 et
1430 3487 1839 3553 Universalis
1892 3488 2375 3574 Inquisitionis‚
2441 3510 2611 3573 quae
2675 3485 2977 3551 omnibus
3043 3486 3384 3550 Ecclesiae

1038 3612 1419 3678 Pastoribus
1484 3614 1565 3678 de
1629 3625 1812 3679 secta
1875 3614 2260 3679 Massonum
2315 3614 2572 3697 agenda
2626 3615 2773 3694 sint,
2842 3613 3184 3677 cnucfeate
3239 3633 3384 3697 pro-

1036 3739 3566 3824 ponit....................»79

854 3992 1148 4056 Litterae
1196 3993 1614 4078 Apostolicae
1664 3995 1788 4060 sub
1836 3996 2032 4058 anulo
2082 3994 2436 4058 Piscatoris
2491 4021 2524 4052 <a
2563 3991 2954 4078 Expositum
2980 4001 3070 4054 est
3097 3989 3302 4053 Nobis
3341 4015 3374 4046 ›>

1037 4118 1141 4182 dic
1190 4121 1275 4185 3)
1325 4119 1518 4201 Maii3
1568 4121 1810 4206 quibus
1875 4119 2279 4184 Parochialis
2344 4119 2648 4182 Ecclesia
2694 4117 2818 4181 loci
2875 4147 2904 4175 «
2944 4114 3388 4180 Castclnuovo

1040 4245 1465 4331 Berardenga
1490 4276 1517 4304 ›>
1557 4249 1940 4333 nuncupati,
1974 4250 2040 4313 in
2068 4249 2375 4312 Dioecesi
2405 4247 2698 4320 Aretina,
2737 4241 3391 4326 Archipresbyterali

1046 4382 1110 4435 et
1159 4372 1672 4458 Praepositurali
1719 4374 1905 4438 titulo
1953 4384 2255 4456 augetur.
2354 4427 2363 4435 .
2462 4420 2476 4435 .
2573 4425 2583 4435 .
2681 4420 2695 4433 .
2795 4422 2806 4430 .
2906 4422 2918 4433 .
3019 4421 3029 4431 .
3129 4416 3142 4429 .
3241 4419 3256 4476 ⁶.
3352 4396 3386 4419 v»
3485 4367 3567 4430 87

867 4624 1164 4710 Epistola
1216 4656 1247 4688 «
1316 4629 1430 4692 Vir
1476 4630 2012 4694 ‹3112inentissimus
2066 4657 2095 4688 »
2149 4629 2255 4692 die
2292 4630 2321 4692 1
2360 4627 2531 4693 Iunii
2563 4624 2650 4688 ad
2685 4646 2908 4689 omnes
2957 4622 3260 4688 catholici
3287 4642 3386 4685 01·-

1047 4752 1147 4817 bis
1181 4754 1547 4841 Episcopos
1608 4795 1684 4803 —-
1722 4754 2158 4839 Congregatio
2186 4756 2455 4819 Patrum
2482 4750 2930 4818 Cardinalium
2959 4749 3164 4814 sacris
3198 4759 3393 4813 tuen-

1050 4879 1151 4944 dis
1202 4881 1462 4948 Ritibus
1509 4885 2050 4969 praepositorum,
2087 4882 2169 4947 de
2204 4881 2582 4946 centenaria
2607 4877 3220 4944 commemoratione
3260 4874 3399 4938 Na-

1051 5005 1323 5072 tivitatis
1372 5008 1708 5093 Deiparae
1754 5008 2046 5092 Virginis
2080 5029 2247 5073 anno
2286 5007 2454 5072 1885
2503 5008 2567 5070 in
2618 5014 2749 5070 toto
2784 5003 2941 5069 orbe
2977 5000 3395 5082 celebranda,

1049 5154 1178 5195 non
1224 5135 1524 5220 empedire
1575 5134 1943 5221 respondet.
1997 5172 2076 5181 —-
2127 5133 2468 5198 Triduana
2516 5130 2829 5197 solemnia
2876 5128 2960 5192 ab
3011 5126 3389 5211 Episcopi8‚

1068 5257 1135 5321 in
1183 5263 1320 5326 suis
1367 5260 1801 5326 Dioccesibus
1849 5281 2069 5324 mense
2118 5257 2477 5344 septembri
2523 5280 2627 5323 an.
2681 5255 2882 5328 1884,
2932 5254 3148 5332 nutiat
3195 5273 3395 5335 pera-

1060 5386 1278 5471 genda
1358 5439 1370 5452 .
3369 5405 3394 5428 »
3495 5373 3579 5441 8]
