4497 6714
1211 758 1357 837 166

1044 942 1289 1027 rarios
1385 942 1841 1053 dirigerent.
1932 941 2085 1026 Sed
2182 946 2495 1051 praeter
2592 939 3041 1050 opinionem
3125 938 3476 1024 omnium
3577 967 3702 1022 res

1047 1106 1522 1192 ceciderunt.
1591 1104 2017 1216 Explorato
2083 1104 2291 1190 enim
2339 1110 2504 1189 toto
2548 1102 2912 1214 hypogeo
2978 1108 3059 1187 et
3101 1100 3424 1186 latebris
3471 1107 3700 1211 quot-

1049 1273 1240 1376 quot
1305 1272 1575 1351 extant
1639 1263 1899 1349 adhuc
1965 1264 2263 1349 circum
2345 1264 2589 1349 altare
2669 1263 3099 1347 maximum
3175 1260 3375 1345 nihil
3439 1291 3706 1372 reper-

1046 1432 1216 1510 tum
1283 1432 1426 1511 est.
1494 1427 1837 1511 Demum
1902 1452 2057 1534 quo
2122 1424 2370 1509 maior
2435 1422 2622 1509 cleri
2690 1430 2770 1507 et
2833 1423 3099 1534 populi
3168 1424 3266 1506 ad
3318 1423 3698 1507 orandum

1049 1590 1448 1673 ferebatur
1510 1586 1869 1691 devotio,
1939 1585 2020 1669 in
2087 1592 2357 1670 centro
2455 1584 2760 1670 scilicet
2823 1583 3112 1668 absidis
3212 1590 3389 1694 post
3463 1582 3709 1667 altare

1049 1748 1325 1849 maiUS‚
1395 1753 1474 1833 et
1539 1752 1718 1831 ante
1763 1745 1976 1829 aliud
2019 1745 2265 1829 altare
2309 1744 2639 1829 interius
2685 1745 3059 1829 effossum
3127 1752 3248 1830 est
3304 1744 3710 1854 pavimen-

1048 1916 1244 2014 tum,
1312 1914 1393 1993 et
1458 1935 1637 1992 cum
1703 1935 1897 2017 opus
1961 1908 2059 1989 ad
2154 1908 2311 1991 duo
2411 1905 2676 1989 cubita
2741 1906 3275 2016 processisset,
3371 1903 3713 1991 occurrit

1051 2069 1426 2181 operariis
1490 2097 1693 2171 arca,
1764 2066 1985 2151 cuius
2030 2065 2107 2150 in
2158 2065 2529 2176 operculo
2603 2094 2789 2150 crux
2839 2066 3230 2178 insculpta
3278 2067 3712 2153 videbatur.

1051 2229 1256 2314 Arca
1320 2236 1489 2313 erat
1551 2227 1941 2337 lapidibus
2026 2234 2105 2312 et
2192 2227 2574 2312 lateribus
2674 2229 3031 2313 confecta
3128 2258 3225 2314 cx
3291 2228 3716 2339 antiquiori

1055 2398 1322 2501 crypta
1428 2418 1519 2474 ac
1618 2388 1977 2499 sepulcro
2066 2387 2480 2497 excerptis.
2581 2390 2922 2475 Remoto
3025 2418 3285 2474 coram
3382 2391 3717 2476 testibus

1058 2548 1466 2661 opercu10,
1536 2577 1712 2634 ossa
1775 2555 2087 2657 reperta
2151 2555 2336 2632 sunt
2417 2550 2516 2631 ad
2580 2548 2731 2631 tria
2797 2549 3092 2634 sceleta
3176 2578 3411 2634 sexus
3475 2550 3719 2635 virilis

1059 2711 1559 2823 pertinentia.
1627 2711 1750 2795 De
1817 2709 1911 2794 iis
1977 2709 2340 2793 omnibus
2407 2709 2896 2795 Venerabilis
2961 2712 3241 2795 Frater
3285 2710 3718 2795 Cardinalis

1058 2870 1723 2982 Archiepiscopus
1812 2869 2516 2980 CompostellanuS,
2603 2872 3038 2954 secundum
3125 2870 3328 2955 sacri
3393 2871 3723 2957 Concilii

1061 3033 1495 3119 Tridentini
1560 3032 2026 3132 sanctioneS,
2127 3030 2414 3116 auditis
2499 3034 2910 3117 doctorum
2983 3032 3450 3143 piorumque
3515 3033 3720 3119 viro-

1063 3229 1240 3284 rum
1307 3197 1676 3300 consiliiS‚
1746 3203 1825 3282 ct
1891 3195 2500 3283 lectissimorum
2566 3197 2998 3307 peritorum
3061 3198 3495 3301 sententiiS‚
3548 3228 3727 3311 pro-

1066 3362 1461 3449 cessuales
1528 3361 1874 3447 condidit
1919 3361 2253 3465 tabulas,
2301 3361 2920 3472 inquisitumque
2988 3369 3131 3463 est,
3190 3370 3582 3449 constaret
3627 3392 3725 3449 ne

1062 3523 1143 3608 in
1208 3521 1540 3634 repertis
1604 3520 1958 3632 reliquiis
2022 3524 2119 3607 de
2185 3521 2597 3607 identitate
2666 3551 3079 3632 corporum
3143 3522 3393 3607 sancti
3462 3523 3728 3608 Iacobi

1062 3683 1380 3770 Maioris
1447 3681 1804 3795 Apostoli
1870 3689 1950 3766 et
2015 3683 2351 3766 duorum
2425 3681 2989 3792 discipulorum
3069 3681 3238 3767 eius
3316 3680 3726 3766 Athanasii

1062 3854 1143 3933 et
1206 3844 1651 3932 Theodori&
1718 3845 1940 3929 Haec
2036 3842 2298 3928 omnia
2392 3845 2491 3926 ad
2588 3843 3167 3929 ecclesiasticae
3265 3842 3722 3953 disciplinae

1059 4013 1481 4118 praecepta
1543 4007 2060 4116 perpendens,
2119 4001 2632 4112 adhibitoque
2679 4003 3155 4115 intelligenti
3222 4004 3537 4108 iudicio,
3586 4035 3728 4088 an-

1060 4165 1235 4251 nuit
1300 4173 1380 4252 et
1444 4164 1924 4276 approbavit.
1994 4163 2302 4249 Deinde
2368 4163 2579 4249 idem
2645 4164 3131 4250 Venerabilis
3222 4167 3503 4251 Frater
3579 4166 3728 4250 Ar-

1060 4327 1608 4440 chiepiscopus
1708 4327 2388 4439 Compostellanus
2485 4336 2662 4414 acta
2759 4328 3021 4413 omnia
3105 4336 3186 4415 et
3252 4329 3727 4416 sententiam

1059 4518 1281 4574 suam
1346 4491 1446 4573 ad
1510 4489 1673 4574 Nos
1740 4488 1973 4591 misit,
2020 4489 2407 4600 petiitque
2454 4489 2809 4599 supplex,
2856 4497 2945 4574 ut
2988 4490 3381 4575 sententia
3449 4493 3730 4577 eadem

1058 4677 1424 4762 supremo
1490 4649 1822 4735 Nostrae
1871 4648 2366 4760 Apostolicae
2412 4649 2901 4735 auctoritatis
2967 4649 3255 4736 iudicio
3301 4651 3717 4735 confirma-

1062 4817 1308 4898 retur.

1249 4971 1413 5056 Nos
1478 4973 1831 5055 admotas
1898 4970 2142 5055 Nobis
2207 5000 2483 5081 preces
2545 4971 2892 5083 benigne
2959 4971 3468 5082 excipienteS‚
3559 5002 3738 5058 cum

1061 5132 1304 5240 probe
1370 5131 1815 5216 noverimus
1899 5130 2348 5216 venerabile
2415 5132 2664 5216 sancti
2732 5132 2996 5217 Iacobi
3075 5132 3392 5218 Maioris
3469 5132 3739 5244 sepul-

1067 5320 1288 5376 crum
1352 5290 1557 5376 inter
1602 5291 2113 5377 celeberrima
2157 5291 2602 5374 sanctuaria
2647 5290 2815 5376 iure
2861 5320 3088 5401 posse
3153 5293 3478 5396 censeri,
3535 5320 3737 5403 quae
