4497 6714
1219 744 1321 822 62

1067 929 1305 1015 immo
1373 932 2065 1017 commutationem
2110 932 2755 1043 eversionemque
2803 935 3160 1019 consulto
3217 934 3719 1038 meditantur,

1067 1092 1303 1208 idque
1371 1122 1557 1203 prae
1622 1122 1707 1179 se
1771 1096 2057 1198 serunt,
2124 1093 2444 1204 plurimi
2524 1099 3188 1183 Communistarum
3266 1103 3347 1182 et
3410 1100 3722 1186 Socz‘ali-

1064 1264 1353 1343 sicu-mn
1419 1255 1842 1341 consociati
1907 1284 2240 1366 greges:
2310 1284 2646 1365 quorum
2712 1257 3009 1367 coeptis
3074 1257 3411 1343 alienam
3476 1286 3575 1344 ne
3638 1287 3723 1344 se

1070 1418 1357 1503 dixerit
1420 1426 1633 1503 secta
1701 1419 2173 1519 Massonum,
2225 1447 2425 1527 quae
2472 1425 2553 1503 et
2597 1416 3256 1504 consiliis'eorum
3300 1421 3721 1506 admodum

1066 1581 1298 1682 favet,
1393 1586 1473 1664 et
1538 1608 1844 1663 summa
1940 1579 2512 1665 sententiarum
2610 1579 2865 1691 capita
2963 1610 3142 1665 cum
3228 1580 3417 1692 ipsis
3480 1580 3724 1668 habet

1071 1739 1538 1825 communia.
1600 1712 1836 1843 Quod
1902 1738 1965 1823 si
2033 1767 2181 1823 nec
2251 1739 2623 1825 continuo
2689 1769 2835 1825 nec
2891 1741 3186 1850 ubique
3230 1746 3329 1827 ad
3373 1751 3725 1829 extrema

1070 1898 1543 2009 experiendo
1610 1901 2091 2002 decurrunt,
2157 1927 2318 1984 non
2383 1899 2733 2010 ipsorum
2798 1908 2918 1985 est
2982 1901 3442 2012 disciplinae
3479 1969 3498 2007 ,
3566 1900 3724 1987 non

1069 2061 1454 2146 voluntati
1521 2061 2052 2165 tribuendum,
2121 2064 2261 2148 sed
2322 2062 2594 2146 virtuti
2659 2061 3066 2172 religionis
3121 2063 3455 2165 divinae,
3524 2093 3724 2174 quae

1070 2223 1431 2333 extingui
1494 2252 1650 2309 non
1716 2231 2001 2335 potest,
2034 2316 2039 2321 ,
2067 2224 2419 2333 itemque
2487 2223 2776 2310 saniori
2840 2223 3250 2309 hominum
3315 2226 3540 2335 parti,
3589 2225 3726 2335 qui

1071 2386 1539 2471 societatum
1605 2385 2270 2471 clandestinarum
2335 2394 2793 2471 recusantes
2858 2386 3343 2489 servitutem,
3411 2386 3725 2471 insanos

1071 2574 1341 2631 earum
1408 2553 1734 2631 conatus
1799 2546 1983 2632 forti
2049 2546 2309 2630 animo
2375 2549 2746 2631 refutant.

1256 2705 1520 2817 Atque
1585 2708 1889 2792 utinam
1954 2735 2226 2792 omnes
2263 2707 2587 2817 stirpem
2654 2737 2752 2793 ex
2815 2708 3200 2794 fructibus
3264 2708 3724 2811 iudicarent,

1071 2875 1151 2955 et
1217 2869 1604 2955 malorum
1670 2898 1872 2979 quae
1939 2874 2331 2981 premunt,
2377 2869 2910 2980 periculorum
2979 2901 3179 2982 quae
3244 2872 3723 2983 impendent,

1068 3059 1339 3116 semen
1406 3038 1486 3116 et
1551 3030 1864 3116 initium
1929 3030 2490 3143 agnoscerent!
2556 3033 2721 3117 Res
2787 3040 2908 3117 est
2974 3063 3153 3118 cum
3197 3032 3425 3119 hoste
3472 3033 3729 3117 fallaci

1070 3198 1150 3275 et
1214 3192 1507 3296 doloso,
1577 3191 1711 3302 qui
1777 3192 2125 3277 serviens
2191 3192 2514 3277 auribus
2579 3194 3051 3305 populorum
3116 3202 3196 3279 et
3261 3194 3726 3305 principum,

1071 3357 1447 3463 utrosque
1493 3352 1863 3438 mollibus
1908 3352 2321 3439 sententiis
2367 3361 2447 3439 et
2491 3354 3021 3440 assentatione
3081 3353 3311 3466 cepit.
3364 3404 3482 3419 —
3527 3353 3729 3439 Insi-

1071 3515 1381 3599 nuando
1448 3544 1621 3600 sese
1689 3518 1787 3599 ad
1851 3515 2059 3600 viros
2124 3514 2519 3624 principes
2562 3515 3060 3601 simulatione
3127 3515 3542 3618 amicitiae,
3578 3515 3730 3600 hoc

1070 3684 1524 3787 spectarunt
1588 3679 2017 3780 MassoneS,
2085 3677 2261 3762 illos
2327 3677 2539 3787 ipsos
2607 3677 2901 3763 habere
2969 3681 3067 3761 ad
3133 3678 3730 3790 opprimendum

1071 3835 1549 3923 catholicum
1613 3867 1902 3923 nomen
1968 3837 2220 3923 socios
2308 3847 2388 3924 et
2477 3839 2873 3923 adiutores
2959 3845 3376 3949 potentes:
3444 3839 3732 3948 quibus

1071 4029 1226 4110 quo
1291 4001 1626 4086 maiores
1692 4003 2199 4086 admoverent
2264 4000 2651 4101 stimuloS,
2710 3999 3098 4109 pervicaci
3144 4000 3535 4084 calumnia
3578 4002 3732 4085 Ec-

1072 4161 1390 4247 clesiam
1459 4161 1846 4246 criminati
1913 4168 2097 4246 sunt
2162 4164 2261 4247 de
2317 4168 2709 4272 potestate
2757 4160 3216 4270 iuribusque
3261 4161 3505 4272 regiis
3553 4189 3731 4245 cum

1068 4321 1551 4433 principibus
1595 4322 1974 4407 invidiose
2023 4323 2520 4407 contendere.
2560 4321 2708 4405 His
2764 4320 3080 4406 interim
3145 4321 3444 4406 artibus
3490 4350 3730 4431 quae-

1070 4482 1220 4568 sita
1282 4483 1705 4569 securitate
1772 4489 1853 4568 et
1917 4482 2266 4584 audacia,
2333 4481 2762 4592 plurimum
2830 4481 3130 4592 pollere
3207 4481 3287 4564 in
3360 4481 3730 4592 regendis

1073 4643 1519 4729 civitatibus
1585 4651 2037 4754 coeperunt,
2107 4651 2458 4729 ceterum
2546 4643 2795 4755 parati
2882 4642 3392 4754 imperiorum
3455 4644 3732 4727 funda-

1070 4811 1337 4888 menta
1403 4811 1750 4913 quatere,
1837 4810 1917 4890 et
1982 4804 2296 4914 insequi
2362 4804 2754 4914 principes
2820 4803 3181 4908 civitatis,
3249 4803 3728 4906 insimulare,

1073 4964 1358 5051 eiicere
1394 5030 1413 5067 ,
1500 4965 1809 5075 quoties
1873 4969 2131 5051 facere
2198 4994 2427 5051 secus
2493 4965 2574 5049 in
2641 4965 3157 5075 gubernando
3222 4964 3678 5051 viderentur
3710 5031 3728 5068 ,

1073 5153 1312 5234 quam
1396 5125 1506 5209 illi
1594 5125 2081 5211 maluissent.
2150 5175 2265 5190 ——-
2335 5126 2575 5209 Haud
2660 5125 3000 5209 absimili
3085 5127 3317 5209 modo
3399 5125 3729 5236 populos

1074 5289 1543 5371 assentando
1620 5286 1996 5370 ludificati
2095 5293 2302 5371 sunt.
2402 5288 2889 5372 Libertatem
2970 5286 3727 5396 prosperitatemque
