4497 6714
3144 796 3245 873 95

742 979 1148 1100 confiditis.
1217 981 1438 1065 Haec
1504 981 1957 1066 testimonia
2021 981 2338 1091 pietatis
2404 988 2708 1065 vestrae
2755 979 3206 1091 gratissima
3248 978 3392 1063 ha-

736 1142 1075 1245 buimus,
1160 1171 1251 1226 ac
1326 1143 1488 1227 Nos
1578 1142 1713 1252 qui
1798 1140 2314 1226 vehementer
2396 1141 2752 1227 dolemus
2827 1141 3203 1226 miserum
3276 1148 3396 1227 tot

736 1301 1111 1389 iuvenum
1174 1304 1701 1414 naufragium,
1770 1331 1968 1412 quos
2036 1331 2255 1388 error
2319 1301 2615 1386 saeculi
2680 1301 2760 1385 in
2825 1301 3250 1412 impietatis
3315 1310 3397 1388 et

736 1465 1136 1575 nequitiae
1201 1465 1564 1576 scopulos
1629 1463 1993 1576 abripuit,
2040 1463 2382 1549 iucunda
2427 1493 2524 1551 ex
2567 1463 2787 1548 vobis
2854 1463 3384 1551 consolatione

737 1627 999 1713 affecti
1065 1657 1359 1730 sumuS,
1427 1627 1874 1736 laetamque
1940 1654 2162 1735 spem
2229 1654 2326 1710 ex
2371 1606 2794 1736 praeclaris
2858 1624 3393 1708 voluntatibus

738 1795 817 1873 et
879 1789 1170 1875 virtute
1235 1793 1497 1873 vestra
1562 1786 2073 1896 suscepimus,
2142 1786 2513 1872 Vestrum
2577 1793 2842 1871 autem
2901 1794 3044 1888 est,
3124 1785 3391 1871 dilecti

734 1950 897 2053 filii,
964 1958 1147 2036 vota
1190 1949 1498 2060 paterni
1541 1947 1808 2033 Nostri
1855 1948 2107 2033 cordis
2164 1947 2535 2058 implere:
2604 1956 2955 2032 vostrum
3004 1955 3124 2033 est
3167 1934 3389 2034 firino

688 2077 1069 2223 ‘vestigio
1134 2111 1445 2196 virtutis
1512 2118 1593 2195 et
1655 2139 1891 2195 sanae
1959 2110 2360 2195 doctrinae
2427 2109 2789 2194 semitam
2843 2109 3204 2194 alacriter
3269 2109 3389 2193 in-

736 2272 1039 2375 sistere,
1108 2301 1254 2358 nec
1298 2272 1482 2357 ullis
1526 2271 2119 2356 difficultatibus
2164 2279 2302 2356 aut
2345 2272 2743 2373 laboribus
2809 2272 2889 2355 in
2933 2271 3391 2357 muneribus

733 2432 1015 2517 vestris
1080 2432 1484 2542 explendis
1550 2432 1953 2532 deterreri,
2022 2461 2203 2516 cum
2267 2432 2533 2517 sciatis
2597 2432 2906 2518 labores
2951 2433 3127 2518 illos
3171 2433 3393 2519 vobis

740 2623 881 2680 suo
948 2602 1301 2705 tempore
1367 2593 1749 2705 gaudium
1818 2600 1899 2677 et
1951 2593 2286 2704 gloriam
2333 2602 2412 2680 et
2455 2597 2757 2679 fructus
2822 2595 3393 2707 pulcherrimos

733 2755 1147 2866 parituros·
1217 2755 1417 2840 Vota
1480 2783 1736 2866 porro,
1807 2768 2007 2864 quae
2074 2754 2322 2839 Nobis
2387 2754 2806 2857 obtulistiS,
2885 2756 3151 2841 dilecti
3228 2756 3390 2859 filii,

737 2913 978 3026 digna
1043 2913 1358 2998 omnino
1422 2912 1716 3025 pietate
1782 2922 2043 2999 vestra
2106 2914 2570 3018 invenimus,
2641 2943 2822 3001 cum
2908 2944 3003 3000 ex
3083 2916 3177 3000 iis
3240 2915 3391 3001 Dei

741 3084 821 3162 et
886 3079 1291 3165 Ecclesiae
1359 3105 1674 3161 causam
1739 3074 1961 3161 vobis
2025 3076 2362 3162 maxime
2442 3079 2654 3163 cordi
2744 3109 2915 3167 esse
2989 3085 3388 3192 probetur.

734 3239 897 3324 Nos
960 3240 1255 3351 pariter
1320 3266 1626 3324 summo
1693 3237 1945 3323 cordis
2011 3239 2304 3325 affectu
2367 3241 2628 3326 Deum
2675 3271 3071 3354 rogamus,
3122 3254 3210 3331 ut
3254 3278 3391 3333 vos

739 3430 1010 3489 omnes
1074 3407 1173 3488 ad
1236 3405 1533 3489 bonum
1600 3409 1999 3488 certamen
2066 3406 2526 3488 certandum
2605 3408 2908 3517 gratiae
2983 3440 3172 3497 suae
3237 3412 3393 3496 vir-

733 3569 903 3649 tute
967 3567 1305 3666 roboret,
1374 3571 1612 3673 atque
1679 3592 1951 3649 omnes
2017 3563 2127 3648 ita
2190 3592 2332 3650 suo
2399 3567 2789 3675 praesidio
2857 3572 3244 3657 custodiat
3312 3581 3392 3660 et

739 3733 1022 3828 servet,
1067 3733 1157 3810 ut
1220 3724 1587 3852 religioni
1653 3733 1734 3810 et
1797 3725 2095 3836 patriae
2151 3726 2552 3836 praeclaro
2598 3737 3057 3816 ornamento
3103 3763 3193 3817 ac
3236 3734 3394 3818 uti-

733 3886 935 3971 litati
1002 3915 1175 3972 esse
1240 3886 1536 3997 iugiter
1600 3885 1954 3971 valeatis.
2025 3886 2142 3973 Sit
2207 3891 2526 3973 demum
2593 3920 2887 4002 auspex
2934 3893 3391 3979 caelestium

733 4077 1150 4133 munerum
1217 4056 1298 4134 et
1361 4048 1652 4160 pignus
1716 4057 2088 4161 paternae
2156 4050 2598 4137 dilectionis
2663 4053 2997 4140 Nostrae
3052 4054 3390 4165 Aposto-

729 4209 880 4294 lica
944 4210 1434 4315 Benedictio,
1505 4240 1743 4321 quam
1785 4212 2030 4314 vobiS,
2079 4203 2346 4299 dilecti
2391 4214 2554 4317 filii,
2622 4215 2956 4327 singulis
3001 4218 3387 4305 universis

729 4398 819 4452 ac
886 4368 1200 4452 familiis
1263 4370 1544 4455 vestris
1609 4379 2108 4481 peramanter
2171 4372 2252 4455 in
2319 4374 2657 4464 Domino
2723 4375 3243 4488 impertimus·

916 4528 1213 4612 Datum
1276 4530 1578 4615 Romae
1644 4534 1852 4641 apud
1918 4531 1992 4618 S.
2063 4534 2392 4619 Petrum
2480 4534 2607 4621 die
2699 4537 2751 4621 3
2819 4536 3027 4620 Iunii
3104 4538 3388 4643 1884,

732 4687 1245 4773 Pontificatus
1309 4689 1577 4777 Nostri
1642 4719 1845 4775 anno
1913 4692 2274 4803 septimo.

1683 5010 1897 5096 LEO
1963 5013 2123 5097 ΡΡ.
2196 5015 2426 5100 ΧΙΙΙ.
