4497 6714
3142 795 3291 871 113

1270 1125 1952 1258 LITTERAE
2040 1131 2780 1263 APOSTOLIO
2796 1135 2972 1262 ΑΕ

1166 1514 1444 1582 QUIBUS
1508 1515 2105 1573 PONTIFICALIUM
2172 1517 2804 1575 ORNAMENTORUM
2870 1520 3059 1576 USUS
3107 1604 3120 1615 θ

1383 1674 1847 1732 PRAEPOSITO
1913 1678 2194 1732 TEMPLI
2259 1678 2869 1736 VINDOBONENSIS

1639 1837 1791 1893 DEO
1859 1839 2274 1895 SALVATORI
2338 1839 2555 1896 SACRI

1855 2000 2364 2058 CONCEDITUR.

1668 2564 1922 2661 LEO
1993 2563 2192 2660 PP.
2263 2562 2545 2658 XIII.

1445 3001 1545 3055 AD
1612 2997 2070 3054 PERPETUAM
2134 2996 2265 3051 REI
2328 2995 2761 3052 MEMORIAM.

772 3336 1203 3487 Similibus
1267 3401 1591 3487 Litteris
1656 3401 2105 3513 nuperrime
2172 3429 2218 3483 a
2282 3397 2530 3484 Nobis
2596 3396 2821 3500 datis,
2859 3399 2959 3481 ad
3010 3397 3425 3509 Praeposi-

768 3567 990 3647 turae
1055 3562 1525 3674 dignitatem
1593 3562 1996 3648 eveximus
2041 3560 2426 3673 templum
2470 3560 2643 3645 Deo
2688 3557 3070 3646 Salvatori
3115 3586 3426 3643 sacrum

768 3751 865 3807 ex
930 3731 1110 3811 voto
1174 3725 1682 3811 Vindobonae
1750 3751 1929 3809 aere
1993 3721 2311 3834 publico
2378 3729 2826 3808 extructum
2891 3723 2990 3807 ob
3036 3727 3425 3806 servatam

766 3913 812 3967 a
876 3884 1171 3970 nefario
1237 3887 1534 4004 scelere
1597 3885 1841 3970 vitam
1926 3885 2402 3971 incolumem
2493 3884 2873 3970 carissimi
2958 3882 3040 3968 in
3108 3883 3423 3971 Christo

765 4043 947 4128 Filii
982 4045 1249 4131 Nostri
1284 4045 1687 4131 Francisci
1732 4046 2049 4157 Iosephi
2085 4048 2147 4130 I.
2183 4045 2548 4132 Austriae
2583 4044 3115 4156 Imperatoris,
3152 4045 3423 4132 Bohe-

764 4206 967 4292 miae
1013 4214 1094 4291 et
1138 4208 1599 4319 Hungariae
1664 4207 1915 4319 Regis
1963 4207 2448 4319 Apostolici3
2529 4208 2738 4317 quod
2801 4206 3154 4291 sincerae
3231 4236 3423 4317 erga

763 4368 1140 4453 Datorem
1201 4370 1589 4454 bonorum
1657 4369 2009 4453 omnium
2070 4368 2386 4480 pietatis
2450 4367 2764 4453 illorum
2818 4366 3168 4452 fidelium
3210 4365 3419 4452 hanc

761 4530 932 4616 Deo
997 4529 1335 4641 gratiam
1399 4537 1827 4642 acceptam,
1895 4530 2011 4614 uti
2075 4560 2216 4641 par
2260 4537 2404 4635 est,
2449 4528 2984 4630 referentium,
3062 4528 3416 4640 singula-

760 4690 1026 4800 risque
1071 4719 1264 4803 erga
1308 4722 1539 4776 suum
1584 4692 2036 4805 Principem
2101 4693 2387 4779 amoris
2421 4693 2817 4803 studiique
2860 4720 3204 4804 perenne
3249 4722 3417 4777 ma-

760 4849 979 4935 nebit
1046 4858 1672 4937 monumentum.
1744 4851 1913 4956 Qua
1995 4852 2384 4964 religione
2450 4853 2987 4963 fidelitateque
3051 4852 3411 4964 permoti,

758 5008 1459 5119 supplicationibus
1526 5010 1765 5096 etiam
1830 5014 2062 5097 modo
2126 5012 2374 5098 Nobis
2438 5012 2774 5099 admotis
2799 5080 2818 5116 ‚
2909 5013 3194 5123 quibus
3269 5042 3410 5125 pro

759 5167 1110 5254 eiusdem
1197 5171 1472 5283 templi
1538 5172 1997 5284 Praeposito
2061 5173 2553 5258 Pontificalia
2616 5175 3114 5284 postulantur
3178 5203 3408 5261 orna-

756 5335 1045 5433 menta,
1110 5330 1388 5417 libenti
1478 5331 1737 5418 animo
1825 5335 2519 5418 obsecundandum
2605 5334 3078 5421 censuimus.
3150 5334 3406 5440 Quare

3037 5493 3066 5536 8
