4497 6714
1228 744 1334 823 40

2072 1094 2738 1224 EPISTULA

2086 1446 2430 1502 DILECTIS
2498 1447 2722 1502 FILIIS

1081 1601 1601 1659 CONSTANTINO
1666 1606 2079 1663 PIERAERTS
2144 1608 2492 1682 RECTORI,
2561 1608 3041 1664 ADMINISTRIS
3105 1611 3198 1665 ET
3256 1609 3732 1667 DOCTORIBUS

1576 1765 2134 1823 DECURIALIBUS
2200 1767 2639 1825 ACADEMIAE
2706 1769 3228 1827 LOVANIENSIS.

2901 1929 3297 1988 LOVANIUM

1976 2411 2236 2506 LEO
2306 2413 2505 2507 ΡΡ.
2573 2412 2854 2507 XIII.

2138 2803 2444 2860 DILECTI
2507 2805 2691 2860 FILII

1498 2962 1848 3019 SALUTEM
1910 2962 2005 3017 ΕΤ
2071 2961 2590 3019 APOSTOLICAM
2655 2964 3307 3022 BENEDICTIONEM.

1084 3275 1599 3451 Accepimus
1665 3370 1763 3427 ex
1825 3339 2109 3427 litteris
2173 3341 2478 3446 vestriS,
2549 3372 2740 3452 quas
2786 3343 2912 3429 die
2957 3373 3178 3429 sacra
3242 3344 3318 3432 S.
3379 3342 3728 3431 'I'homae

1083 3501 1459 3612 Aquinati
1522 3504 1622 3586 ad
1685 3501 1847 3587 Nos
1911 3502 2260 3604 dedistis,
2338 3531 2476 3588 vos
2554 3502 3211 3615 quinquagesimo
3288 3533 3491 3590 anno
3578 3504 3732 3589 iam

1084 3668 1505 3773 appetente
1573 3690 1752 3745 cum
1816 3658 2243 3744 Academia
2295 3660 2466 3760 ista,
2513 3660 2595 3743 in
2659 3661 3024 3747 universa
3086 3691 3351 3747 rorum
3414 3670 3732 3772 pertur-

1080 3819 1399 3905 batione
1443 3818 1842 3928 superiore
1887 3819 2200 3903 saeculo
2247 3826 2584 3904 exeunte
2632 3848 2925 3922 eversa,
2994 3820 3454 3905 Pastoribus
3502 3820 3729 3904 istius

1083 3978 1432 4090 regionis
1497 3978 1975 4080 curantibus,
2065 3979 2549 4088 suffragante
2616 3978 2694 4061 in
2759 3979 3030 4090 primis
3097 3980 3466 4090 Gregorii
3547 3981 3734 4065 XVI

1084 4137 1724 4224 Praedecessoris
1788 4137 2054 4222 Nostri
2121 4137 2611 4237 auctoritate,
2659 4137 3019 4222 felicibus
3074 4137 3441 4247 auspiciis
3506 4138 3735 4223 resti-

1086 4267 1257 4382 tuta
1317 4297 1490 4399 fuit,
1536 4296 1771 4382 fausti
1815 4263 2063 4381 ‘istius
2129 4304 2459 4381 eventus
2526 4296 2935 4382 sollemnia
3004 4298 3398 4383 communi
3461 4305 3735 4408 gratu-

1085 4454 1378 4541 latione
1444 4455 1844 4541 celebrare
1910 4454 2377 4558 decrevisse,
2445 4484 2536 4539 ac
2602 4457 2773 4540 Deo
2841 4456 3345 4540 scientiarum
3398 4456 3734 4541 Domino

1088 4615 1444 4701 debitum
1507 4614 1888 4701 honorem
1954 4615 2303 4700 tribuere
2369 4623 2835 4726 gratamque
2900 4618 3386 4702 voluntatem
3437 4616 3735 4720 testari,

1091 4777 1302 4885 quod
1363 4775 1697 4885 propitio
1763 4776 2083 4861 numine
2148 4775 2374 4860 istius
2438 4775 2901 4861 nobilissimi
2974 4776 3412 4861 studiorum
3489 4775 3738 4862 domi-

1092 4934 1250 5021 cilii
1314 4934 1830 5020 incolumitati
1897 4943 1977 5021 et
2040 4935 2343 5046 gloriae
2407 4936 2829 5046 prospexit.
2889 4937 3064 5020 Hac
3113 4936 3521 5022 occasione
3564 4965 3738 5019 mu-

1091 5093 1302 5180 neris
1366 5093 1607 5180 vestri
1669 5094 2027 5204 putastis,
2093 5093 2385 5179 Dilecti
2452 5094 2659 5195 Filii,
2726 5092 2912 5178 huic
2957 5093 3454 5205 Apostolicae
3520 5094 3727 5198 Sodi,

1094 5253 1221 5340 cui
1263 5253 1733 5341 Academiae
1796 5261 2102 5341 vestrae
2149 5253 2468 5340 exordia
2531 5261 2613 5339 et
2668 5254 2878 5365 iugis
2922 5254 3468 5340 sollicitudinis
3513 5284 3737 5340 curas
