4497 6714
3208 830 3310 907 (35
3423 892 3428 897 ,

803 1021 891 1098 ut
956 1014 1238 1099 collata
1305 1015 1734 1099 Nobiscum
1802 1045 2063 1125 opera,
2110 1016 2501 1125 extirpare
2568 1015 2955 1124 impuram
2996 1011 3203 1097 hanc
3247 1012 3463 1097 luem

802 1203 1002 1285 quae
1069 1174 1314 1285 serpit
1376 1204 1518 1286 per
1581 1204 1854 1261 omnes
1920 1176 2401 1287 reipublicae
2445 1203 2710 1276 venaS‚
2777 1174 3006 1260 enixe
3051 1174 3457 1259 studeatis,

799 1338 1124 1421 Tuenda
1165 1336 1406 1422 Vobis
1471 1343 1593 1421 est
1657 1336 1911 1447 gloria
1974 1336 2151 1439 Dei,
2231 1336 2444 1421 salus
2518 1336 3107 1446 proximorum:
3175 1335 3460 1445 quibus

799 1498 1035 1582 rebus
1098 1496 1181 1580 in
1244 1496 1688 1581 dimicando
1754 1496 2197 1608 propositiS‚
2266 1524 2426 1582 non
2490 1495 2797 1580 animus
2861 1495 3043 1597 VOS,
3089 1522 3248 1580 non
3302 1495 3459 1579 for-

798 1656 1051 1742 titudo
1117 1657 1453 1743 deficiet.
1521 1657 1697 1742 Erit
1780 1657 2244 1768 prudentiae
2333 1663 2640 1741 vestrae
2726 1654 3097 1751 iudicare,
3176 1653 3460 1763 quibus

794 1817 1291 1929 potissimum
1353 1818 1788 1903 rationibus
1864 1846 1980 1922 ea,
2049 1847 2253 1928 quae
2321 1819 2746 1903 obstabunt
2828 1822 2909 1902 et
2993 1816 3449 1926 impedient,

796 1978 1216 2064 eluctanda
1257 1978 1697 2065 videantur.
1737 2028 1855 2043 ·—
1890 1978 2046 2065 Sed
2081 1979 2451 2090 quoniam
2505 2006 2646 2088 pro
2703 1976 3169 2063 auctoritate
3222 1976 3455 2064 officii

794 2139 1061 2225 Nostri
1126 2169 1266 2250 par
1331 2148 1453 2225 est
1517 2139 2007 2250 probabilem
2051 2140 2397 2250 aliquam
2460 2139 2575 2225 rei
2628 2141 3025 2251 gerendae
3070 2137 3457 2224 rationem

793 2301 867 2384 N
870 2301 1337 2412 osmetipsos
1400 2304 1938 2388 demonstrare
1975 2369 1994 2405 ,
2061 2302 2173 2387 sic
2239 2276 2619 2404 statuite,
2695 2301 3040 2413 primum
3104 2299 3455 2386 omnium

794 2465 1275 2550 reddendam
1320 2464 1817 2549 Massonibus
1862 2492 2034 2550 esse
2078 2494 2326 2568 suam⁷
2374 2465 2694 2573 dempta
2735 2490 3094 2575 persona,
3136 2461 3450 2548 faciem:

792 2624 1283 2736 populosque
1350 2653 1711 2711 sermone
1778 2631 1858 2710 et
1923 2624 2124 2709 datis
2192 2624 2432 2710 etiam
2495 2624 2576 2708 in
2642 2623 2722 2707 id
2764 2623 3087 2708 Litteris
3151 2622 3454 2734 episco-

791 2786 1102 2898 palibus
1168 2789 1632 2888 edocendOS‚
1700 2815 1901 2897 quae
1967 2786 2126 2872 sint
2188 2786 2658 2872 societatum
2731 2784 2901 2871 eius
2985 2784 3303 2897 generis
3366 2783 3450 2869 in

790 2947 1265 3034 blandiendo
1332 2947 1905 3059 alliciendoque
1971 2946 2322 3051 artificia,
2410 2954 2490 3033 et
2563 2945 2646 3031 in
2711 2945 3208 3057 opinionibus
3269 2975 3449 3057 pra-

792 3107 1015 3210 vitaS‚
1085 3113 1165 3192 et
1229 3106 1309 3190 in
1375 3106 1815 3192 actionibus
1879 3107 2307 3217 turpitudo.
2365 3107 2590 3212 Quod
2632 3106 2930 3217 pluries
2971 3106 3448 3193 Decessores

787 3266 1053 3353 Nostri
1122 3267 1704 3373 confirmarunt,
1772 3296 2061 3354 nomen
2125 3277 2390 3355 sectae
2455 3269 2910 3353 Massonum
2973 3269 3159 3353 dare
3214 3295 3446 3354 nemo

787 3429 937 3514 sibi
1002 3429 1370 3541 quapiam
1435 3432 1532 3515 de
1601 3458 1877 3515 caussa
1940 3430 2178 3516 licere
2242 3436 2494 3542 putet,
2559 3429 2627 3515 si
2695 3428 3083 3516 catholica
3144 3432 3444 3541 profes-

785 3590 900 3677 sio
970 3598 1050 3677 et
1114 3592 1325 3676 salus
1368 3622 1510 3677 sua
1575 3592 1775 3678 tanti
1820 3596 2029 3704 apud
2072 3621 2257 3679 eum
2301 3593 2427 3697 sit,
2476 3592 2749 3704 quanti
2793 3621 2967 3679 esse
3015 3595 3277 3680 debet.
3323 3594 3444 3680 Ne

786 3782 1023 3862 quem
1087 3750 1461 3838 honestas
1527 3752 1983 3838 assimulata
2061 3752 2443 3865 decipiat:
2508 3761 2770 3865 potest
2834 3753 3039 3839 enim
3121 3753 3445 3864 quibus-

783 3917 963 3997 dam
1006 3911 1278 4016 videri‚
1314 3911 1514 3997 nihil
1555 3914 1953 4023 postulare
2002 3914 2434 4018 Massones⁹
2482 3917 2692 4025 quod
2757 3921 3028 4026 aperte
3093 3914 3196 4000 sit
3258 3914 3443 4001 reli-

783 4074 1042 4187 gionis
1107 4103 1514 4161 morumve
1580 4074 1978 4160 sanctitati
2044 4075 2566 4160 contrarium:
2652 4082 3198 4160 verumtamen
3262 4074 3447 4186 quia

781 4242 1042 4322 sectae
1107 4235 1353 4347 ipsius
1448 4241 1615 4322 tota
1709 4236 1790 4320 in
1899 4236 2089 4321 vitio
2183 4235 2643 4347 flagitioque
2740 4242 2862 4320 est
2957 4241 3038 4321 et
3100 4234 3300 4321 ratio
3364 4242 3447 4322 et

782 4424 1079 4497 caussa,
1150 4422 1641 4506 congregare
1706 4424 1792 4481 se
1859 4425 2039 4481 cum
2106 4395 2244 4500 eiS‚
2315 4424 2547 4482 eosve
2624 4424 2940 4506 quoquo
3022 4399 3255 4483 modo
3319 4396 3442 4481 iu-

779 4585 987 4660 vare,
1054 4563 1362 4642 rectum
1426 4565 1547 4644 est
1611 4585 1769 4643 non
1834 4557 2098 4643 licere.

965 4716 1271 4803 Deinde
1313 4715 1771 4803 assiduitate
1814 4716 2128 4802 dicendi
2169 4715 2697 4829 hortandique
2729 4716 3188 4829 pertrahere
3232 4718 3438 4803 mul-

778 4877 1200 4963 titudinem
1265 4884 1578 4989 oportet
1642 4882 1741 4963 ad
1804 4886 2227 4990 praecepta
2290 4878 2698 4990 religionis
2741 4879 3166 4990 diligenter
3217 4881 3436 4965 addi-

778 5042 1105 5126 scenda:
1172 5039 1395 5125 cuius
1460 5039 1575 5125 rei
1640 5040 1898 5152 gratia
1961 5041 2187 5127 valde
2253 5042 2675 5128 suademus
2710 5106 2729 5144 ‚
2815 5047 2905 5126 ut
2977 5040 3290 5152 scriptis
3354 5049 3437 5127 et

779 5199 1286 5286 concionibus
1319 5199 1810 5310 tempestivis
1855 5200 2250 5287 elementa
2280 5230 2546 5287 rerum
2579 5200 3249 5286 sanctissimarum
3292 5230 3430 5288 ex-

777 5362 1221 5473 planentur‚
1289 5361 1575 5472 quibus
1640 5359 2066 5446 christiana
2127 5360 2628 5473 philosophia
2693 5361 3159 5449 continetur.
3206 5362 3431 5467 Quod

3035 5521 3063 5562 5
