4497 6714
3221 841 3317 922 17

819 1023 1067 1136 pluris
1130 1025 1685 1129 aestimandae,
1753 1035 2046 1137 quanto
2113 1028 2433 1139 gravius
2495 1028 2577 1112 in
2642 1027 2901 1113 Gallia
2944 1027 3205 1114 omnia
3248 1056 3469 1114 sacra

818 1194 1084 1273 essent
1147 1195 1379 1273 antea
1441 1195 1828 1298 prostrata
1893 1197 1974 1275 et
2038 1191 2349 1275 afflicta.
2416 1189 2747 1275 Publica
2821 1189 3209 1301 dignitate
3282 1187 3468 1275 reli-

818 1347 1036 1460 gioni
1100 1348 1426 1452 reddita,
1493 1340 1724 1458 ‘plane
1789 1350 2147 1436 instituta
2192 1349 2618 1436 christiana
2680 1351 3070 1438 revixere:
3136 1353 3278 1436 sed
3319 1348 3468 1434 mi·
3592 1408 3599 1415 ·

817 1536 995 1591 rum
1059 1514 1353 1617 quanta
1418 1537 1514 1593 ex
1578 1506 1731 1593 hoc
1795 1512 2001 1594 sacto
2065 1509 2146 1594 in
2211 1509 2813 1621 prosperitatem
2890 1509 3201 1595 civilem
3261 1511 3470 1594 bona

819 1668 1250 1754 redierunt.
1341 1670 1660 1755 Etenim
1744 1698 1842 1754 ex
1926 1669 2625 1756 turbulentissimis
2710 1670 3079 1755 fluctibus
3150 1669 3472 1754 vixdum

817 1858 1122 1915 emersa
1189 1829 1485 1931 civitaS,
1535 1859 1714 1914 cum
1759 1792 2276 1916 vellementer
2318 1829 2908 1940 tranquillitatis
2973 1829 3471 1941 disciplinae-

824 2015 977 2097 que
1042 1988 1405 2099 publicae
1473 1988 1695 2072 firma
1758 1990 2268 2073 fundamenta
2330 1988 2792 2097 requireret,
2882 2017 2976 2073 ea
3038 1987 3207 2099 ipsa
3271 2016 3473 2097 quae

817 2149 1295 2259 requirebat,
1365 2148 1628 2234 oblata
1694 2148 1843 2233 sibi
1907 2178 1952 2233 a
2017 2148 2405 2259 religione
2463 2146 2858 2271 catholica
2922 2151 3471 2259 percommode

817 2309 1099 2415 sensit3
1165 2310 1275 2394 ita
1340 2316 1430 2393 ut
1494 2317 1890 2419 appareat,
1958 2308 2153 2392 illud
2216 2312 2315 2395 de
2374 2309 2789 2395 concordia
2828 2309 3173 2393 ineunda
3215 2307 3470 2395 consi-

817 2470 1014 2555 lium
1076 2470 1486 2580 prudentis
1579 2468 1724 2555 viri
1820 2469 2269 2580 populoque
2353 2471 2558 2554 bene
2657 2468 3138 2555 consulentis
3199 2468 3469 2554 fuisse.

819 2629 1099 2735 Quare,
1167 2631 1233 2716 si
1299 2638 1607 2718 ceterae
1673 2631 2022 2717 rationes
2066 2634 2457 2734 deessent,
2521 2638 2787 2716 tamen
2835 2630 3149 2716 omnino
3195 2633 3472 2717 eadem

820 2821 1118 2896 caussa,
1188 2820 1389 2902 quae
1456 2800 1646 2877 tunc
1691 2794 1792 2876 ad
1833 2791 2460 2901 pacificationem
2513 2791 3091 2901 suscipiendam
3135 2791 3471 2902 impulit,

818 2981 1027 3038 nunc
1092 2955 1419 3039 deberet
1504 2955 1603 3037 ad
1686 2955 2301 3038 conservandam
2382 2952 2812 3063 impellere.
2897 2952 3102 3035 Nam
3163 2950 3470 3035 inflam-

816 3115 1050 3201 matis
1113 3116 1403 3226 passim
1469 3145 1736 3201 rerum
1801 3143 2179 3201 novarum
2244 3114 2549 3217 studiis,
2616 3112 2699 3197 in
2761 3119 2922 3197 tam
2967 3111 3270 3198 incerta
3333 3141 3471 3200 ex-

715 3325 718 3328 ·
812 3277 1259 3389 pectatione
1325 3280 1822 3383 futurorum,
1906 3305 2146 3364 novas
2232 3274 2798 3363 discordiarum
2878 3303 3191 3361 caussas
3262 3265 3473 3361 inter

814 3443 1231 3548 utramque
1295 3445 1769 3548 potestatem
1854 3465 2142 3541 serere,
2207 3435 2801 3545 interiectisque
2886 3433 3468 3544 impedimentis

813 3599 1250 3685 beneficam
1313 3598 1715 3685 Ecclesiae
1781 3597 2201 3710 prohibere
2267 3605 2404 3682 aut
2464 3595 2840 3683 remorari
2904 3595 3301 3700 virtutem,
3344 3596 3466 3682 in-

817 3760 1175 3846 consulta
1238 3787 1365 3845 res
1432 3767 1642 3846 esset
1706 3768 1787 3845 et
1849 3759 2081 3869 plena
2144 3757 2499 3869 periculi.

1003 3917 1110 4004 At
1176 3947 1363 4005 vero
1426 3918 1580 4005 hoc
1643 3927 1999 4031 tempore
2043 3917 2282 4003 huius
2326 3917 2644 4029 generis
2709 3916 3056 4005 eminere
3118 3918 3468 4031 pericula

810 4107 971 4165 non
1034 4078 1202 4164 sine
1269 4078 1795 4164 sollicitudine
1862 4085 1943 4164 et
2007 4105 2304 4189 angore
2371 4078 2758 4163 videmus:
2826 4080 3212 4187 quaedam
3256 4078 3466 4164 enim

814 4245 895 4326 et
960 4246 1135 4325 acta
1198 4248 1384 4325 sunt
1472 4229 1554 4325 et
1638 4247 1986 4351 aguntur
2071 4268 2252 4323 cum
2337 4238 2741 4325 Ecclesiae
2816 4238 3068 4324 salute
3142 4238 3465 4326 minime

814 4398 1356 4510 congruentia,
1421 4405 1937 4510 posteaquam
2001 4397 2358 4483 nonnulli
2423 4392 2732 4484 infenso
2797 4396 3057 4482 animo
3105 4396 3465 4482 instituta

809 4557 1197 4645 catholica
1258 4558 1340 4642 in
1405 4557 1932 4669 suspicionem
1976 4556 2507 4667 invidiamque
2551 4559 2963 4649 adducere,
3031 4585 3283 4668 eaque
3348 4558 3459 4644 ci-

806 4720 1031 4807 vitati
1073 4720 1525 4831 praedicare
1570 4719 1885 4804 inimica
1928 4718 2169 4830 vulgo
2230 4725 2829 4804 consueverunt.
2875 4719 3156 4829 Neque
3199 4718 3460 4805 minus

809 4879 1190 4967 sollicitos
1256 4879 1687 4989 anxiosque
1755 4878 2052 4964 habent
2116 4879 2280 4964 Nos
2345 4905 2618 4964 eorum
2683 4873 3027 4982 consilia,
3076 4878 3235 4988 qui,
3300 4877 3458 4964 dis-

805 5041 1196 5127 sociandis
1259 5040 1664 5126 Ecclesiae
1726 5041 2001 5150 reique
2075 5040 2439 5151 publicae
2523 5039 2981 5143 rationibus,
3056 5040 3455 5126 salubrem

804 5201 1018 5286 illam
1102 5200 1412 5311 riteque
1479 5201 1754 5286 initam
1853 5230 2033 5286 cum
2125 5200 2580 5311 Apostolica
2671 5201 2872 5288 Sede
2957 5200 3452 5292 concordiam

805 5359 1056 5446 serius
1120 5359 1337 5444 ocius
1402 5360 1867 5471 diremptam
1932 5359 2250 5446 vellent.

3053 5518 3083 5560 2
