4497 6714
1232 801 1393 882 200

1083 988 1331 1075 Nobis
1396 995 1540 1091 est,
1608 1016 1787 1072 cum
1855 986 2316 1072 memoriam
2382 920 2628 1071 Nossis
2710 991 3026 1070 revocet
3092 1010 3363 1067 eorum
3428 987 3735 1089 tempo-

1082 1182 1260 1235 rum
1307 1151 1591 1261 quibus
1657 1150 1999 1261 primum
2045 1149 2449 1260 coepimus
2514 1145 3128 1233 sacerdotalibus
3192 1142 3592 1228 laboribus
3657 1140 3738 1225 in

1081 1310 1582 1422 Apostolicae
1662 1310 1885 1397 Sedis
1975 1309 2410 1395 ministerio
2474 1307 2866 1421 perfungi.
2946 1306 3122 1390 Erit
3184 1303 3335 1390 hoc
3415 1303 3736 1414 quidem

1082 1502 1373 1559 novum
1437 1478 2035 1584 argumentum,
2114 1499 2270 1582 quo
2337 1500 2431 1557 ea
2492 1470 2807 1556 vincula
2895 1495 3096 1579 quae
3162 1465 3738 1551 fraternitatem

1083 1640 1302 1718 tuam
1366 1636 1466 1719 ob
1533 1633 2192 1719 existimationem
2260 1639 2339 1717 et
2382 1630 2886 1717 dilectionem
2952 1657 3144 1740 erga
3220 1635 3300 1713 te
3365 1628 3736 1712 Nostram

1089 1802 1323 1881 antea
1385 1794 1632 1880 Nobis
1697 1782 2279 1898 devinciebant,
2365 1822 2646 1879 novam
2711 1792 3083 1902 deinceps
3147 1789 3598 1874 firmitatem
3663 1794 3743 1872 et

1089 1955 1332 2038 robur
1395 1951 1806 2063 accipiant.

1277 2113 1808 2199 Decessorum
1871 2119 2284 2222 praeterea
2328 2112 2796 2196 Nostrorum
2831 2108 3212 2219 exemplis
3268 2107 3743 2211 insistenteS,

1094 2272 1230 2383 qui
1294 2275 1393 2357 ad
1447 2271 1927 2384 praestantia
1990 2272 2416 2357 illustrium
2458 2270 2925 2357 Antistitum
2986 2270 3267 2355 merita
3318 2268 3746 2356 honestan-

1094 2437 1195 2519 da
1259 2462 1392 2519 eos
1458 2433 1855 2520 interdum
1918 2433 2154 2518 Pallii
2218 2432 2932 2544 Archiepiscopalis
3005 2430 3306 2518 honore
3372 2434 3746 2518 decoran-

1095 2597 1236 2679 dos
1282 2601 1782 2699 censuerunt,
1848 2594 2088 2681 huius
2133 2595 2548 2707 pastoralis
2614 2593 2936 2680 honoris
2982 2593 3293 2706 insigne
3358 2593 3527 2697 tibi,
3596 2593 3748 2679 Ve-

1098 2756 1467 2842 nerabilis
1544 2759 1850 2860 Frater,
1924 2757 2306 2869 singulari
2394 2756 2808 2868 privilegio
2876 2757 3083 2841 ultro
3165 2754 3587 2840 tribuimus
3651 2756 3751 2837 ad

1095 2917 1498 3027 proprium
1563 2927 1643 3003 et
1704 2918 2101 3030 peculiare
2168 2918 2632 3004 eximiarum
2695 2918 3078 3003 virtutum
3141 2923 3457 3001 tuarum
3522 2943 3750 3000 orna-

1097 3083 1456 3162 mentum
1522 3086 1603 3164 et
1665 3079 2127 3189 praemium.

1284 3237 1644 3323 Fervidis
1709 3241 2030 3324 demum
2091 3240 2296 3324 votis
2338 3240 2601 3324 Deum
2666 3241 3203 3348 adprecamur,
3250 3244 3339 3322 ut
3404 3236 3753 3351 animum

1099 3404 1325 3482 tuum
1394 3401 2018 3485 consolationum
2103 3430 2425 3485 suarum
2491 3400 2876 3486 suavitate
2942 3402 3359 3511 perfundat
3426 3399 3749 3510 diesque

1101 3566 1280 3645 tuos
1345 3561 1560 3645 omni
1605 3561 1846 3645 animi
1912 3569 1992 3646 et
2059 3561 2405 3672 corporis
2448 3560 2968 3671 prosperitate
3036 3562 3410 3665 cumulet,
3475 3569 3566 3645 ut
3618 3561 3753 3644 diu

1099 3720 1405 3832 fulgeat
1501 3729 1816 3806 tuarum
1880 3722 2264 3807 virtutum
2342 3722 2612 3806 lumen
2677 3720 2883 3805 inter
2981 3720 3407 3806 catholicas
3472 3729 3753 3833 gentes

1104 3911 1432 3993 quarum
1510 3882 1916 3993 spirituale
1982 3881 2344 3992 regimen
2427 3910 2567 3992 pro
2664 3884 3133 3966 demandato
3199 3882 3344 3967 tibi
3430 3912 3753 3969 munere

1103 4071 1187 4129 es
1232 4051 1764 4155 suscepturus.
1833 4044 2141 4128 Horum
2177 4051 2445 4128 autem
2491 4042 2950 4127 caelestium
2994 4072 3411 4129 munerum
3458 4072 3754 4155 auspex

1101 4214 1182 4292 et
1245 4206 1533 4318 pignus
1617 4206 2085 4317 praecipuae
2181 4204 2623 4290 dilectionis
2720 4206 3052 4290 Nostrae
3120 4205 3223 4289 sit
3306 4204 3756 4315 Apostolica

1105 4365 1595 4468 Benedictio,
1643 4395 1879 4476 quam
1944 4367 2113 4470 tibi,
2162 4364 2651 4452 Venerabilis
2715 4367 3018 4470 Frater,
3087 4393 3185 4451 ex
3243 4366 3520 4452 intimo
3585 4395 3754 4452 cor-

1106 4529 1229 4631 de,
1283 4555 1431 4612 nec
1496 4552 1651 4611 non
1696 4525 2063 4612 universo
2131 4527 2360 4612 Olero
2407 4535 2487 4612 et
2533 4525 2895 4611 fidelibus
2939 4526 3423 4613 Basileensis
3477 4529 3756 4615 Eccle-

1108 4689 1269 4775 siae
1333 4693 1832 4799 peramanter
1896 4689 1976 4774 in
2020 4688 2362 4774 Domino
2428 4688 2946 4798 impertimus

1297 4850 1594 4935 Datum
1658 4852 1959 4936 Romae
2026 4852 2234 4961 apud
2316 4850 2691 4937 Sanctum
2758 4827 3088 4936 Petrum
3152 4851 3279 4938 die
3343 4883 3534 4938 xv111
3599 4855 3760 4941 De-

1108 5010 1445 5098 cembris
1506 5039 2066 5111 Moccctxxxw,
2134 5010 2650 5096 Pontificatus
2706 5010 2975 5094 Nostri
3041 5041 3244 5098 anno
3309 5014 3671 5124 septimo.

2066 5332 2269 5415 LEO
2336 5332 2493 5414 PP.
2564 5329 2794 5413 XIII.
