4497 6714
1161 822 1321 900 212

992 997 1292 1083 Epistola
1343 1028 1375 1061 «
1427 1000 1724 1064 Libenter
1754 1001 2114 1087 excepimus
2165 1029 2197 1060 »
2251 1000 2356 1064 die
2405 1001 2444 1064 3
2492 999 2662 1064 Iunii
2710 996 2795 1060 ad
2842 996 2922 1061 A.
2960 993 3254 1081 Wyscur
3308 1015 3495 1078 prae-

1172 1124 1379 1189 sidem
1426 1135 1493 1190 et
1538 1124 1796 1189 sodales
1845 1125 2173 1190 societatis
2222 1126 2569 1189 universae
2633 1123 3050 1188 alumnorum
3098 1118 3500 1183 Academiae

1169 1253 1625 1319 Lovaniensis.
1676 1292 1756 1301 —
1805 1253 2054 1319 Eorum
2099 1252 2356 1318 litteras
2403 1251 2947 1339 quinquagesimo
2997 1257 3283 1313 exeunte
3330 1267 3500 1311 anno

1168 1378 1253 1443 ab
1299 1379 1664 1444 instaurata
1709 1378 2071 1444 Academia
2118 1380 2519 1443 Lovaniensi
2581 1378 2771 1442 datas
2840 1375 3120 1441 libenter
3167 1373 3254 1439 Se
3315 1396 3502 1439 acce-

1168 1503 1342 1588 pisse
1391 1504 1730 1587 significat.
1784 1543 1865 1552 —
1914 1503 2159 1588 Magna
2205 1505 2404 1568 animi
2453 1502 2791 1588 voluptate
2836 1500 3161 1585 intelligit,
3210 1499 3377 1582 illos,
3434 1501 3502 1563 in

1168 1627 1530 1712 disciplinis
1579 1628 1976 1715 excolendis,
2019 1629 2187 1694 votis
2238 1638 2306 1694 et
2352 1629 2527 1693 curis
2559 1627 2897 1693 Pontificis
2925 1625 3200 1690 Maximi
3225 1644 3496 1708 respon-

1167 1753 1345 1840 dere,
1401 1764 1467 1819 et
1512 1755 1733 1821 Deum
1777 1756 1996 1820 lucem
2043 1777 2078 1819 e
2125 1754 2415 1820 tenebris
2475 1776 2554 1818 ac
2591 1752 3138 1839 tranquillitatem
3186 1774 3222 1815 e
3270 1750 3497 1815 turbu-

1163 1878 1343 1944 lenta
1390 1890 1782 1965 tempestate
1827 1880 2272 1944 adducturum
2317 1880 2561 1965 populo
2614 1901 2732 1943 suo
2782 1879 2976 1963 plane
3025 1876 3376 1942 confidere.
3414 1915 3493 1925 —

1166 2002 1489 2067 Hortatur
1535 2013 1608 2068 ut
1655 2004 1839 2069 firmo
1888 2004 2167 2088 vestigio
2216 2006 2487 2069 virtutis
2523 2013 2590 2069 et
2615 2026 2818 2068 sanae
2843 2002 3178 2067 doctrinae
3207 2004 3505 2067 semitam

1168 2129 1473 2194 alacriter
1521 2131 1862 2212 insistant,'
1893 2153 2015 2195 nec
2089 2130 2234 2195 ullis
2307 2130 2806 2195 difficultatibus
2876 2139 2942 2194 et
3000 2128 3388 2209 laboribus,
3434 2129 3502 2193 in

1172 2254 1556 2319 muneribus
1605 2254 1971 2341 explendis,
2022 2255 2484 2321 deterreantur
2558 2302 3241 2319 .......
3334 2254 3501 2321 PAG.

994 2507 1289 2575 Litterae
1333 2505 1755 2592 Apostolicae
1789 2506 1910 2572 sub
1943 2506 2138 2572 anulo
2184 2508 2538 2573 Piscatoris
2592 2534 2622 2564 «
2654 2506 3095 2572 Ecclesiarum
3140 2510 3428 2573 omnium
3472 2538 3504 2569 a»

1172 2629 1276 2694 die
1328 2630 1410 2695 10
1458 2631 1670 2711 Iunii3
1718 2630 1961 2716 quibus
2010 2627 2376 2714 plenarium
2428 2628 2795 2695 Concilium
2843 2630 2928 2695 ab
2976 2632 3300 2695 universis
3363 2632 3508 2697 Au-

1177 2754 1444 2821 straliae
1492 2765 1558 2820 et
1606 2756 1836 2821 Novae
1884 2755 2215 2820 Zelandae
2264 2753 2617 2820 Sacrorum
2651 2755 3083 2821 Antistitibus
3132 2756 3508 2823 habendum

1172 2881 1501 2957 indicitur,
1537 2881 1879 2968 eidemque
1926 2881 2348 2966 praesidendi
2395 2903 2635 2946 munus
2671 2883 3022 2947 Francisco
3057 2881 3329 2947 Patritio
3379 2883 3512 2947 Mo·

1170 3029 1288 3071 ran
1335 3006 1847 3093 Archiepiscopo
1896 3007 2312 3094 Sydneyensi
2361 3007 2705 3091 delegatur
2782 3054 3353 3075 ......
3454 3042 3485 3069 »

904 3286 910 3292 ’
994 3254 1293 3341 Epistola
1344 3285 1374 3316 «
1412 3255 1803 3345 Eoecepimus
1841 3281 1965 3344 per
2010 3258 2347 3322 Nunnium
2381 3285 2413 3315 »
2466 3258 2570 3322 die
2623 3257 2702 3322 16
2748 3258 2921 3322 Iunii
2968 3258 3053 3321 ad
3101 3257 3508 3343 Episcopum

1174 3382 1796 3449 Conimbricensem.
1848 3422 1930 3432 —
1978 3384 2389 3449 Perlibenter
2422 3385 2687 3468 excepit
2725 3383 2980 3448 litteras
3028 3405 3067 3447 a
3116 3383 3242 3448 Pro
3260 3384 3514 3450 ·Mode-

1172 3519 1409 3590 ratore,
1444 3508 1867 3573 Administris
1899 3518 1966 3574 et
1996 3508 2302 3574 Alumnis
2336 3509 2682 3576 Seminarii
2709 3506 3262 3575 Conimbricensis
3296 3509 3508 3593 datas,

1173 3632 1416 3717 quibus
1463 3633 1585 3717 ipsi
1632 3632 1908 3697 devotae
1970 3632 2038 3697 in
2100 3631 2551 3717 Apostolicam
2615 3632 2854 3700 Sedem
2915 3632 3272 3697 voluntatis
3337 3635 3511 3699 testi-

1173 3757 1461 3821 monium
1505 3756 1932 3840 praebebant.
1973 3797 2051 3805 —
2092 3757 2360 3823 Gaudet
2408 3758 2584 3844 quod
2615 3758 2669 3822 is
2732 3759 2796 3822 in
2829 3755 3191 3822 Seminario
3242 3759 3509 3843 spiritus

1172 3881 1412 3965 vigeat,
1479 3882 1592 3968 qui
1639 3883 1934 3966 egregios
2001 3882 2365 3969 uberesque
2430 3884 2692 3948 virtutis
2741 3895 2806 3949 et
2867 3884 3203 3948 doctrinae
3250 3884 3510 3949 fructus

1173 4008 1581 4093 polliceatur.
1617 4047 1699 4058 —
1735 4010 1858 4074 His
1885 4011 2277 4095 praesertim
2310 4010 2717 4095 temporibus
2749 4011 3017 4075 maximi
3049 4013 3358 4076 momenti
3390 4033 3508 4096 pu-

1174 4142 1273 4198 tat
1316 4155 1563 4217 curam,
1613 4157 1783 4221 quae
1830 4135 2231 4220 impenditur
2278 4138 2344 4201 in
2392 4146 2574 4202 recta
2619 4138 3024 4202 institutione
3058 4146 3125 4202 et
3162 4137 3511 4222 disciplina

1178 4281 1403 4324 eorum
1451 4261 1677 4346 quiin
1751 4283 1934 4345 spem
2003 4261 2349 4327 Ecclesiae
2405 4272 2855 4328 succrescunt.
2938 4302 3006 4310 —
3087 4262 3511 4348 Quapropter

1174 4384 1489 4470 Episcopi
1539 4384 1677 4450 zelo
1725 4386 1897 4451 ultro
1946 4387 2335 4470 gratulatur.
2390 4427 2469 4436 -
2519 4387 2691 4451 Tum
2741 4410 3003 4469 eorum,
3053 4389 3165 4473 qui
3207 4390 3347 4454 eius
3400 4391 3509 4454 Sc-

1174 4511 1447 4575 minario
1493 4521 1829 4596 praesunt,
1864 4522 2003 4577 tum
2050 4513 2464 4578 alumnorum
2514 4514 2842 4597 egregiam
2891 4512 3297 4579 voluntatem
3334 4516 3509 4581 omni

1177 4636 1739 4703 commendatione
1785 4639 2226 4725 prosequitur.
2281 4677 2361 4687 —
2410 4638 2855 4704 Vehementer
2902 4649 3088 4724 optat
3135 4638 3511 4706 huiusmodi

1175 4763 1802 4828 commendationem
1862 4762 1992 4827 illis
2054 4763 2357 4830 omnibus
2414 4766 2836 4830 incitamento
2901 4788 3065 4848 esse,
3132 4775 3203 4831 ut
3249 4767 3316 4830 in
3365 4766 3506 4831 dies

1176 4886 1463 4951 alacrius
1509 4885 1595 4950 ad
1638 4886 2044 4972 praeclaram
2092 4888 2429 4953 doctrinae
2478 4890 2874 4975 virtutisque
2924 4889 3353 4956 sacerdotalis
3379 4888 3512 4954 lau-

1180 5009 1331 5074 dem
1385 5009 1714 5075 enitantur
1808 5062 3376 5079 ...............
3477 5044 3509 5075 »

1003 5259 1295 5325 Litterae
1343 5255 1763 5343 Apostolicae
1817 5290 1849 5321 «
1898 5260 2111 5327 Suavi
2155 5261 2276 5326 illa
2325 5291 2355 5324 »
2409 5262 2512 5328 die
2567 5263 2647 5327 19
2711 5262 2919 5345 Iunii3
2968 5263 3211 5348 quibus
3254 5263 3513 5349 Templi

1183 5385 1611 5472 Sodalitiique
1638 5388 2140 5473 Stygmaticiani
2167 5390 2603 5472 patrocinium
2629 5390 2920 5474 suscipit,
2956 5397 3021 5454 et
3053 5390 3381 5454 Dominici
3411 5392 3510 5454 Ia-

3596 2252 3682 2318 94

3585 3012 3668 3077 96

3606 5016 3692 5082 98
