4497 6714
1203 763 1297 837 18

1229 946 1390 1031 Nos
1454 946 1772 1056 quidem
1837 946 1919 1030 in
1960 945 2114 1033 hoc
2154 976 2422 1059 rerum
2466 955 2677 1033 statu
2732 947 2932 1033 nihil
2997 948 3690 1059 praetermisimuS‚

1042 1110 1249 1218 quod
1345 1115 1699 1218 tempora
1787 1109 2187 1218 postulare
2263 1110 2738 1196 viderentur.
2842 1112 3237 1220 Legatum
3321 1110 3695 1194 Nostrum

1041 1266 1604 1377 Apostolicum‚
1675 1268 1983 1378 quoties
2050 1276 2411 1381 oportere
2478 1271 2735 1356 visum
2799 1277 2941 1372 est,
3008 1272 3266 1356 facere
3325 1277 3694 1381 expostu-

1039 1427 1371 1513 lationes
1435 1428 1846 1514 iussimus:
1916 1460 2110 1540 quas
2178 1431 2313 1540 qui
2378 1460 2548 1516 rem
2622 1430 3019 1542 publicam
3095 1438 3387 1541 gerunt
3448 1460 3694 1542 prono

1039 1614 1122 1670 se
1188 1588 1284 1670 ad
1330 1588 1810 1697 aequitatem
1856 1590 2115 1674 animo
2162 1591 2517 1701 accipere
2563 1591 2832 1676 testati
2892 1598 3099 1675 sunt.
3146 1640 3268 1654 —
3312 1590 3476 1675 Nos
3520 1589 3691 1699 ipsi,

1045 1776 1222 1831 cum
1288 1748 1446 1832 lata
1507 1748 1636 1834 lex
1703 1758 1824 1835 est
1887 1753 1985 1835 de
2052 1750 2413 1862 collegiis
2479 1752 2863 1836 sodalium
2927 1750 3480 1862 religiosorum
3544 1750 3694 1836 tol-

1040 1909 1316 2013 lendiS‚
1383 1910 1621 1994 animi
1687 1911 1952 1996 Nostri
2019 1940 2248 1996 sensa
2313 1912 2598 1997 litteris
2658 1911 3291 2023 consignavimus
3357 1912 3454 1994 ad
3499 1909 3694 1995 dile-

1045 2077 1260 2155 ctum
1325 2071 1619 2155 Filium
1695 2073 2070 2157 Nostrum
2138 2073 2214 2159 S.
2265 2074 2361 2156 R.
2411 2075 2502 2156 Ε.
2573 2073 3069 2158 Cardinalem
3148 2070 3697 2181 Archiepisco-

1044 2260 1234 2341 pun]
1269 2208 1834 2318 Parisiensium
1879 2232 2105 2317 datis.
2146 2233 2397 2320 Simili
2441 2236 2698 2337 modo,
2746 2233 3006 2318 missis
3050 2232 3450 2343 superiore
3496 2259 3698 2315 anno

1043 2420 1314 2478 mense
1381 2393 1611 2477 Iunio
1679 2396 1777 2478 ad
1841 2423 2240 2478 summum
2304 2395 2418 2480 rei
2463 2394 2824 2504 publicae
2877 2394 3334 2504 Principem
3387 2391 3695 2494 litteris,

1046 2560 1309 2639 cetera
1372 2554 1508 2638 illa
1572 2555 2175 2665 deploravimuS,
2244 2584 2446 2665 quae
2504 2555 2736 2639 saluti
2780 2554 3220 2639 animorum
3263 2560 3573 2656 nocent,
3620 2558 3700 2637 et

1050 2713 1455 2799 Ecclesiae
1520 2714 1865 2800 rationes
1930 2714 2368 2800 incolumes
2465 2742 2637 2800 esse
2725 2742 2881 2800 non
2978 2715 3269 2799 sinunt.
3359 2715 3453 2796 Id
3514 2739 3700 2798 vero

1048 2874 1458 2961 effecimus
1522 2881 1695 2958 tum
1788 2877 1998 2984 quod
2079 2874 2495 2959 sanctitate
2576 2882 2657 2961 et
2732 2874 3276 2985 magnitudine
3355 2873 3702 2957 muneris

1047 3035 1315 3120 Nostri
1382 3033 1790 3144 apostolici
1877 3037 2553 3146 permovebamur‚
2641 3042 2813 3119 tum
2898 3036 3106 3144 quod
3191 3031 3703 3120 vehementer

1050 3195 1409 3307 cupimus
1473 3202 1564 3279 ut
1627 3201 1950 3306 accepta
2016 3226 2061 3280 a
2114 3196 2467 3306 patribus
2513 3201 2594 3280 et
2636 3195 3062 3280 maioribus
3105 3194 3388 3306 religio
3433 3203 3701 3281 sancte

1050 3355 1583 3466 inviolateque
1649 3355 1732 3440 in
1797 3355 2057 3441 Gallia
2122 3363 2651 3442 conservetur.
2720 3357 2894 3441 Hac
2959 3355 3107 3461 via,
3155 3354 3309 3441 hoc
3352 3356 3521 3469 ipso
3584 3364 3705 3441 te-

1057 3545 1246 3603 nore
1294 3516 1781 3603 constantiae
1828 3523 2131 3602 certum
2174 3517 2422 3602 Nobis
2488 3525 2610 3604 est
2672 3547 2842 3604 rem
2887 3517 3193 3604 Galliae
3239 3516 3707 3604 catholicam

1053 3685 1437 3790 perpetuo
1502 3678 1583 3762 in
1648 3684 2052 3788 posterum
2115 3681 2562 3766 defendere.
2612 3730 2732 3744 -—
2778 3680 3023 3765 Cuius
3090 3679 3410 3789 quidem
3474 3679 3704 3764 officii

1052 3837 1239 3923 iusti
1302 3866 1394 3922 ac
1458 3838 1704 3924 debiti
1770 3839 1927 3925 Vos
1992 3867 2288 3942 omneS‚
2355 3841 2865 3926 Venerabiles
2921 3841 3264 3943 FratreS‚
3312 3839 3707 3925 adiutores

1054 4005 1419 4086 strenuos
1485 4029 1796 4111 semper
1836 3998 2284 4086 habuimus.
2334 4002 2644 4087 Revera
2709 4000 3094 4087 sodalium
3159 3999 3711 4111 religiosorum

1055 4160 1306 4246 coacti
1370 4162 1634 4247 dolere
1700 4160 1978 4265 vicem,
2044 4161 2483 4272 perfecistis
2547 4168 2837 4266 tamen,
2908 4164 3116 4273 quod
3192 4165 3361 4246 erat
3423 4159 3504 4244 in
3568 4189 3711 4273 po-

1055 4326 1341 4405 testate
1405 4326 1690 4421 vestra‚
1756 4349 1856 4406 ne
1921 4320 2307 4407 indefensi
2372 4323 3003 4422 succumberent,
3072 4319 3406 4430 quinon
3451 4319 3712 4405 minus

1055 4479 1152 4563 de
1216 4506 1302 4563 re
1369 4477 1687 4588 publica
1756 4506 1992 4588 quam
2057 4480 2154 4564 de
2220 4478 2579 4565 Ecclesia
2645 4486 3117 4564 meruerant.
3207 4480 3383 4564 Hoc
3447 4474 3714 4565 autem

1058 4643 1441 4748 tempore,
1512 4644 1900 4748 quantum
1963 4638 2187 4748 leges
2252 4637 2542 4742 sinunt,
2607 4639 2690 4723 in
2755 4667 2849 4725 eo
2904 4638 3284 4750 evigilant
3326 4639 3715 4725 maximae

1060 4825 1292 4882 curae
1359 4796 2040 4908 cogitationesque
2082 4805 2415 4895 vestrae,
2463 4805 2552 4882 ut
2592 4801 2884 4909 probae
2925 4798 3442 4884 institutionis
3491 4802 3716 4911 copia

1061 4954 1510 5064 suppeditet
1576 4955 2008 5042 iuventuti:
2076 4964 2157 5042 et
2201 4960 2300 5043 de
2346 4957 2687 5043 consiliis
2734 4985 2934 5068 quae
3001 4961 3374 5044 adversus
3439 4960 3718 5047 Eccle-

1068 5116 1264 5200 siam
1327 5116 1684 5228 nonnulli
1731 5117 2063 5228 agitant‚
2099 5145 2256 5202 non
2299 5117 2934 5229 praetermisistis
2980 5122 3419 5221 ostendere,
3469 5148 3719 5230 quan-

1067 5283 1238 5360 tum
1305 5275 1453 5386 ipsi
1521 5277 1818 5362 civitati
1883 5284 2148 5364 essent
2213 5278 2547 5363 allatura
2608 5278 3059 5387 perniciem.
3125 5279 3387 5390 Atque
3433 5279 3577 5366 has
3621 5285 3720 5368 ob
