4497 6714
3154 783 3258 860 49

758 992 916 1072 qua
948 970 1362 1073 reguntur,
1399 963 1775 1048 severitas
1809 963 2290 1073 disciplinae.
2329 964 2681 1049 Initiales
2725 967 3134 1074 spondere,
3170 964 3408 1049 immo

751 1124 1175 1234 praecipuo
1229 1133 1719 1209 sacramento
1764 1125 2023 1212 iurare
2068 1136 2157 1211 ut
2200 1126 2628 1236 plurimum
2673 1127 3067 1230 iubentur,
3113 1127 3409 1213 nemini

755 1312 839 1369 se
884 1284 1047 1369 ullo
1113 1314 1464 1394 unquam
1508 1293 1863 1396 tempore
1909 1287 2167 1372 ullove
2213 1290 2446 1372 modo
2509 1288 2786 1390 socios,
2835 1295 3082 1388 notas,
3120 1287 3410 1374 doctri-

756 1476 896 1531 nas
961 1446 1466 1533 indicaturos
1509 1448 1636 1535 Sic
1706 1448 2084 1533 ementita
2148 1450 2410 1559 specie
2457 1453 2892 1559 eodemque
2937 1479 3248 1561 semper
3290 1457 3411 1535 te-

757 1637 945 1694 nore
1012 1608 1533 1693 simulationis
1601 1638 1839 1719 quam
1902 1610 2241 1696 maxime
2278 1611 2705 1713 MassoneS,
2774 1618 2863 1695 ut
2926 1611 3115 1697 olim
3161 1611 3414 1696 Mani-

764 1769 1013 1871 chaei,
1052 1770 1410 1854 laborant
1455 1770 1744 1855 abdere
1810 1797 2007 1871 sese,
2045 1770 2488 1879 nullosque,
2522 1778 2835 1880 praeter
2878 1799 3085 1876 suoS,
3119 1770 3416 1858 habere

760 1939 1029 2017 testes
1079 1933 1459 2017 Latebras
1529 1935 2027 2017 commodum
2092 1939 2507 2041 quaerunt,
2555 1940 2866 2044 sumpta
2913 1933 3061 2018 sibi
3114 1934 3418 2020 littera-

760 2099 1023 2178 torum
1088 2090 1612 2202 sophorumve
1678 2119 2035 2202 persona,
2084 2092 2546 2177 eruditionis
2593 2122 2869 2178 caussa
2912 2093 3417 2179 sociatorum:

760 2253 1061 2340 habent
1127 2254 1206 2337 in
1274 2253 1549 2364 lingua
1611 2261 2063 2365 promptum
2130 2255 2481 2340 cultioris
2537 2254 3007 2340 urbanitatis
3049 2255 3421 2357 studium,

760 2416 1139 2502 tenuioris
1202 2417 1456 2526 plebis
1521 2417 1984 2502 caritatem:
2083 2418 2317 2504 unice
2413 2418 2617 2504 velle
2713 2445 2799 2503 se
2864 2417 3228 2504 meliores
3293 2444 3420 2502 res

766 2578 1251 2663 multitudini
1316 2607 1725 2688 quaerere,
1798 2586 1879 2665 et
1946 2609 2146 2690 quae
2210 2580 2607 2666 habentur
2669 2581 2750 2664 in
2796 2580 3006 2666 civili
3049 2579 3426 2666 societate

770 2742 1181 2825 commoda
1245 2769 1426 2824 cum
1495 2740 2094 2850 quamplurimis
2160 2741 2763 2827 communicare.
2825 2740 3041 2845 Quae
3109 2740 3428 2851 quidem

768 2900 1092 2986 consilia
1158 2903 1513 3012 quamvis
1577 2933 1763 2990 vera
1828 2912 2115 3010 essent,
2182 2935 2687 3016 nequaquam
2749 2912 3017 2991 tamen
3090 2905 3173 2988 in
3252 2902 3426 2988 istis

772 3062 1056 3146 omnia.
1113 3064 1539 3150 Praeterea
1587 3064 1722 3175 qui
1767 3067 2108 3177 cooptati
2155 3074 2362 3171 sunt,
2409 3065 2870 3177 promittant
2913 3093 3004 3149 ac
3045 3063 3429 3173 recipiant

768 3253 1094 3311 necesse
1161 3233 1303 3333 est,
1371 3227 1704 3312 ducibus
1770 3257 1860 3312 ac
1925 3227 2327 3340 magistris
2392 3256 2477 3314 se
2542 3228 2752 3312 dicto
2817 3225 3228 3311 audientes
3302 3225 3426 3308 fu-

770 3393 991 3471 turos
1059 3416 1241 3472 cum
1306 3388 1684 3498 obsequio
1750 3389 2060 3498 fideque
2116 3389 2485 3473 maxima:
2532 3391 2631 3472 ad
2676 3387 3111 3497 quemlibet
3154 3415 3430 3474 eorum

770 3552 1053 3629 nutum
1118 3545 1935 3657 significationemque
2020 3555 2359 3659 paratOS,
2434 3548 2818 3658 imperata
2888 3549 3285 3633 facturos:
3362 3548 3430 3632 si

774 3734 1003 3790 secus
1068 3706 1424 3810 fecerint,
1491 3714 1663 3791 tum
1729 3707 1897 3791 dira
1991 3707 2254 3792 omnia
2350 3738 2441 3793 ac
2536 3713 2873 3793 mortem
2949 3707 3201 3817 ipsam
3273 3733 3432 3792 non

771 3894 1160 3952 recusare.
1229 3868 1539 3953 Revera
1605 3868 1669 3952 si
1737 3868 1871 3977 qui
1936 3868 2371 3979 prodidisse
2436 3867 2951 3977 disciplinam,
3017 3867 3146 3953 vel
3208 3895 3431 3951 man-

772 4030 975 4114 datis
1037 4029 1422 4116 restitisse
1457 4030 1959 4134 iudicentur,
2028 4031 2501 4141 supplicium
2567 4033 2665 4117 de
2731 4029 2826 4114 iis
2880 4058 3036 4115 non
3077 4057 3253 4115 raro
3298 4058 3432 4114 su-

773 4189 1036 4294 mitur,
1084 4198 1165 4276 et
1230 4191 1555 4276 audacia
1621 4190 1941 4301 quidem
2007 4221 2098 4277 ac
2162 4192 2632 4277 dexteritate
2698 4197 2941 4296 tanta,
3007 4198 3098 4276 ut
3150 4219 3431 4301 specu-

773 4351 1129 4436 latricem
1224 4380 1314 4435 ac
1408 4350 1802 4436 vindicem
1898 4352 2290 4437 scelerum
2367 4351 2750 4436 iustitiam
2845 4350 3170 4436 sicarius
3252 4379 3433 4462 per-

773 4540 1007 4621 saepe
1072 4510 1313 4594 sallat.
1351 4560 1466 4574 —-
1508 4509 1753 4621 Atqui
1818 4510 2213 4615 simulare,
2283 4518 2363 4598 et
2420 4511 2626 4598 velle
2669 4511 2751 4595 in
2795 4511 3103 4597 occulto
3146 4511 3430 4616 latere;

774 4672 1127 4784 obligare
1203 4672 1354 4756 sibi
1447 4670 1834 4773 homineS,
1933 4678 2339 4781 tamquam
2431 4671 2843 4783 mancipia,
2931 4670 3432 4758 tenacissimo

772 4863 1007 4937 nexu,
1072 4862 1222 4920 nec
1287 4833 1477 4918 satis
1542 4832 1937 4918 declarata
2002 4861 2314 4917 caussa:
2381 4832 2638 4918 alieno
2702 4832 3055 4917 addictos
3110 4832 3433 4919 arbitrio

775 4998 875 5081 ad
938 5023 1170 5082 omne
1233 4995 1537 5079 facinus
1624 4991 2034 5079 adhibere:
2120 5022 2426 5080 armare
2509 4997 2608 5079 ad
2690 4996 3012 5080 caedem
3089 4996 3430 5097 dextraS,

778 5156 1133 5268 quaesita
1174 5155 1641 5266 impunitate
1676 5154 2076 5264 peccandi,
2111 5154 2559 5240 immanitas
2592 5156 2981 5266 quaedam
3015 5160 3157 5257 est,
3193 5181 3433 5264 quam

777 5348 1042 5405 rerum
1107 5324 1388 5402 natura
1450 5344 1607 5401 non
1670 5313 1988 5426 patitur.
2060 5313 2550 5427 Quapropter
2603 5316 3084 5417 societatem,
3131 5316 3230 5400 de
3275 5342 3434 5425 qua

3035 5472 3065 5512 4
