4497 6714
1171 771 1271 845 (EG

1014 949 1202 1035 illuc
1265 952 1631 1062 pertinet,
1703 957 1787 1035 ut
1850 958 2155 1036 mentes
2202 952 2610 1035 hominum
2658 950 3095 1035 eruditione
3153 957 3528 1035 sanentur
3593 956 3673 1033 et

1020 1119 1289 1196 contra
1322 1111 1799 1223 multiplices
1834 1140 2185 1197 errorum
2220 1115 2510 1199 formas
2546 1120 2626 1198 et
2657 1112 2869 1198 varia
2904 1111 3415 1197 invitamenta
3446 1111 3676 1196 vitio-

1017 1303 1194 1357 rum
1258 1274 1713 1357 muniantur
1777 1274 1857 1358 in
1918 1272 2069 1359 hac
2133 1276 2598 1386 praesertim
2664 1281 2745 1360 et
2795 1274 3185 1359 scribendi
3231 1274 3551 1360 licentia
3597 1281 3676 1358 et

1020 1433 1490 1519 inexhausta
1523 1435 1892 1520 aviditate
1927 1435 2297 1520 discendi.
2340 1486 2462 1500 —
2497 1437 2880 1547 Magnum
2913 1464 3100 1520 sane
3137 1463 3367 1544 opus:
3404 1435 3486 1519 in
3522 1464 3676 1545 quo

1022 1591 1288 1681 tamen
1322 1594 1712 1706 particeps
1748 1602 1827 1680 et
1861 1567 2119 1680 socius
2153 1597 2512 1681 laborum
2546 1603 2987 1682 vestrorum
3011 1595 3429 1706 praecipue
3465 1597 3679 1678 futu-

1019 1787 1153 1841 rus
1190 1764 1310 1841 est
1337 1757 1635 1859 CleruS,
1674 1755 1736 1840 si
1774 1756 2034 1857 fuerit,
2059 1757 2300 1841 Vobis
2334 1757 2893 1860 adnitentibuS,
2920 1787 2964 1839 a
2998 1756 3408 1867 disciplina
3443 1755 3676 1855 vitae,

1022 1946 1067 2000 a
1130 1916 1460 2002 scientia
1524 1916 1964 2002 litterarum
2009 1918 2254 2027 probe
2299 1916 2753 2001 instructus
2803 1918 3097 2004 Verum
3141 1923 3304 2001 tam
3348 1915 3683 2001 honesta

1024 2107 1299 2164 caussa
1364 2085 1683 2188 tamque
1728 2077 1992 2189 gravis
2038 2080 2497 2163 advocatam
2540 2079 2933 2164 desiderat
2979 2079 3442 2163 industriam
3480 2078 3681 2163 viro-

1022 2270 1199 2325 rum
1244 2240 1650 2343 laicorum,
1690 2239 1823 2353 qui
1867 2239 2278 2352 religionis
2314 2250 2393 2327 et
2425 2242 2728 2353 patriae
2765 2242 3174 2328 caritatem
3209 2272 3388 2327 cum
3420 2242 3683 2354 probi-

1024 2410 1187 2489 tate
1255 2402 1766 2513 doctrinaque
1834 2401 2345 2513 coniungant.
2398 2403 2881 2489 Consociatis
2926 2403 3339 2514 utriusque
3392 2403 3684 2489 ordinis

1024 2562 1346 2666 viribus,
1412 2565 1593 2648 date
1661 2591 2018 2672 operam,
2086 2563 2600 2649 Venerabiles
2666 2566 3028 2666 FratreS,
3096 2571 3185 2648 ut
3250 2564 3685 2653 Ecclesiam

1026 2722 1343 2834 penitus
1411 2727 1493 2807 et
1557 2730 2038 2832 cognoscant
2101 2721 2464 2808 homines
2551 2732 2631 2810 et
2710 2754 2970 2809 caram
3051 2722 3450 2811 habeant:
3519 2725 3688 2810 eius

1034 2884 1245 2969 enim
1290 2891 1582 2995 quanto
1630 2885 1979 2996 cognitio
2012 2885 2265 2990 >fuerit
2311 2915 2686 2996 amorque
2752 2887 3023 2991 maior,
3075 2894 3294 2973 tanto
3340 2889 3690 2972 futurum

1032 3047 1286 3131 maius
1352 3055 1473 3132 cst
1528 3047 1995 3133 societatum
2041 3048 2703 3133 clandestinarum
2749 3049 3150 3133 fastidium
3197 3056 3277 3134 et
3318 3051 3532 3160 fuga.
3567 3099 3689 3113 —

1039 3209 1421 3313 Quocirca
1484 3239 1643 3296 non
1707 3210 1875 3296 sine
1943 3239 2219 3295 caussa
2284 3210 2647 3295 idoneam
2710 3209 2916 3296 hanc
2997 3212 3487 3299 occasionem
3552 3242 3690 3296 na-

1036 3375 1197 3478 cti,
1281 3402 1749 3459 renovamus
1833 3374 2028 3459 illud
2095 3376 2306 3485 quod
2391 3374 2584 3460 alias
2673 3376 3233 3486 exposuimuS,
3324 3376 3693 3461 Ordinem

1033 3535 1386 3621 Tertium
1453 3535 2071 3620 Franciscalium
2110 3601 2129 3639 ,
2217 3535 2440 3620 cuius
2505 3535 2769 3646 paullo
2836 3542 3018 3622 ante
3084 3535 3694 3647 temperavimus

1034 3696 1401 3808 prudenti
1466 3695 1791 3782 lenitate
1837 3696 2352 3807 disciplinam,
2399 3726 2782 3806 perquam
2846 3697 3194 3782 studiose
3258 3725 3694 3807 propagare

1037 3857 1400 3967 tuerique
1468 3865 1851 3967 oportere.
1920 3858 2115 3942 Eius
2183 3857 2417 3958 enim,
2475 3865 2565 3942 ut
2610 3864 2731 3944 est
2795 3860 2892 3941 ab
2960 3865 3279 3943 auctore
3326 3883 3468 3943 suo
3513 3831 3698 3942 con-

1044 4020 1393 4122 stitutus,
1458 4017 1658 4104 haec
1724 4028 1890 4104 tota
1956 4025 2077 4104 est
2142 4020 2366 4121 ratio,
2414 4048 2692 4105 vocare
2737 4017 3099 4105 homines
3166 4022 3264 4103 ad
3328 4018 3700 4104 imitatio-

1041 4211 1224 4268 nem
1289 4184 1474 4266 Iesu
1537 4179 1884 4284 Christi,
1975 4184 2074 4265 ad
2140 4209 2488 4266 amorem
2553 4180 3003 4283 Ecclesiae,
3072 4183 3169 4263 ad
3235 4179 3496 4264 omnia
3549 4159 3703 4265 vir-

1043 4349 1303 4427 tutum
1371 4340 1974 4427 christianarum
2038 4342 2333 4428 officia:
2399 4349 2971 4452 proptereaque
3053 4342 3392 4426 multum
3476 4371 3704 4454 posse

1047 4504 1286 4588 debet
1349 4504 1448 4585 ad
1511 4501 1979 4588 societatum
2067 4501 2729 4611 nequissimarum
2817 4503 3457 4614 supprimendam
3524 4533 3709 4589 con-

1052 4662 1478 4773 tagionem.
1546 4664 1898 4748 Novetur
1962 4662 2227 4772 itaque
2297 4662 2771 4772 quotidianis
2839 4663 3344 4749 incrementis
3411 4662 3711 4751 isthaec

1055 4830 1325 4910 sancta
1357 4822 1749 4926 sodalitaS,
1785 4826 1995 4909 unde
2043 4853 2222 4908 cum
2269 4824 2497 4908 multi
2548 4823 2945 4935 expectari
2990 4833 3321 4935 possunt
3382 4827 3709 4929 fructus

1058 4990 1228 5068 tum
1292 4972 1441 5068 ille‘
1494 4983 1928 5094 egregius,
1995 4990 2085 5068 ut
2149 4987 2668 5068 traducantur
2731 4983 2971 5067 animi
3038 4988 3137 5069 ad
3213 4985 3659 5071 libertatem
3694 5052 3712 5088 ,

1060 5147 1159 5228 ad
1221 5143 1817 5247 fraternitatem,
1886 5147 1983 5228 ad
2049 5144 2609 5254 aequalitatem
2679 5144 2903 5229 iuris:
2969 5174 3128 5231 non
3181 5145 3442 5256 qualia
3504 5147 3714 5231 Mas-

1064 5334 1292 5390 sones
1357 5306 1690 5388 absurde
1759 5305 2136 5416 cogitant,
2184 5307 2324 5391 sed
2390 5305 2651 5415 qualia
2717 5314 2796 5392 et
2864 5310 3087 5394 Iesus
3136 5306 3496 5393 Christus
3561 5307 3714 5391 hu-
