4497 6714
3117 768 3218 850 27

596 1017 603 1022 -
724 964 968 1067 festiS,
1014 994 1060 1049 a
1123 965 1559 1049 Decessore
1624 962 1911 1047 Nostro
1975 955 2560 1069 praescriptam,
2595 953 2947 1040 relaxare
3013 952 3370 1039 velimus

729 1128 1010 1236 Itaque
1075 1126 1238 1211 Nos
1302 1122 1947 1235 gravissimorum
2018 1125 2465 1229 temporum
2536 1116 2851 1220 intuitu,
2925 1113 3377 1200 huiusmodi

728 1284 1427 1396 supplicationibus
1491 1283 2183 1369 obsecundandum
2239 1278 2719 1401 censuimus3
2788 1276 3122 1386 ideoque
3165 1275 3378 1387 Apo-

731 1447 1006 1533 stolica
1069 1445 1560 1532 Auctoritate
1626 1446 1914 1529 Nostra
1993 1440 2213 1526 hisce
2278 1438 2624 1541 Litteris,
2691 1441 3162 1548 derogantes
3226 1433 3377 1520 hac

732 1608 814 1693 in
877 1615 1100 1719 parte
1164 1604 1633 1716 supradictis
1717 1634 1824 1688 sa.
1894 1630 2046 1686 me.
2116 1590 2241 1684 Pii
2307 1601 2427 1683 IX
2513 1598 2858 1702 Litteris,
2943 1576 3383 1707 ceterisque

740 1766 1444 1854 consuetudinibus
1527 1763 2035 1876 quibuslibet,
2103 1762 2465 1846 volumus
2549 1766 2629 1846 et
2685 1743 3232 1863 decernimus,
3298 1765 3389 1843 ut

742 1959 923 2014 cum
1017 1926 1411 2014 Pontificii
1510 1923 1924 2012 Seminarii
2019 1921 2414 2025 Romani,
2503 1928 2671 2006 tum
2771 1919 3181 2007 Seminarii
3265 1918 3391 2002 Pii

746 2088 1066 2192 alumni,
1154 2089 1377 2172 firmo
1442 2092 1812 2171 manente
1901 2089 2142 2167 cantu
2219 2080 2502 2167 tertiae
2532 2146 2551 2183 ,
2631 2078 2918 2165 Missae
2994 2077 3394 2164 sollemnis

748 2280 838 2335 ac
904 2278 1409 2361 vesperarum
1474 2247 1553 2331 in
1621 2244 2252 2331 sollemnioribus
2319 2241 2501 2327 anni
2565 2240 3119 2327 festivitatibus
3174 2238 3396 2325 Nati-

748 2409 1035 2512 vitatis,
1105 2406 1764 2508 CircumcisioniS,
1846 2403 2359 2515 Epiphaniae,
2448 2401 2908 2487 Dominicae
2992 2399 3400 2486 Paschalis

751 2568 1381 2655 Resurrectionis
1448 2574 1529 2652 et
1591 2565 2093 2652 Ascensionis
2158 2563 2477 2649 Domini
2541 2562 2807 2648 Nostri
2851 2564 3037 2647 Iesu
3080 2560 3399 2663 Christi,

753 2733 1290 2831 PentecosteS,
1360 2728 1493 2813 SS.
1563 2725 1990 2829 Trinitatis,
2057 2722 2577 2810 Sacratissimi
2642 2721 3004 2833 Corporis
3062 2720 3405 2823 Domini,

759 2886 1334 2998 Conceptionis,
1432 2886 1907 2988 Nativitatis,
2004 2883 2582 2969 Purificationis
2669 2891 2749 2970 et
2830 2882 3410 2993 Assumptionis

760 3049 1090 3135 Sanctae
1190 3048 1342 3131 Dei
1440 3046 1884 3132 Genetricis
1981 3045 2277 3132 Mariae
2362 3043 2708 3156 Virginis
2795 3043 3354 3163 Immaculatae
3392 3107 3412 3146 ,

764 3208 839 3294 S.
910 3207 1253 3317 Iosephi,
1345 3207 1797 3292 Nativitatis
1888 3206 1962 3293 S.
2030 3205 2348 3291 Ioannis
2433 3205 2865 3316 Baptistae,
2949 3204 3033 3301 S.
3101 3203 3417 3290 Ioannis

766 3368 1352 3479 Evangelistae,
1423 3368 1556 3454 SS.
1627 3366 2183 3478 Apostolorum
2246 3365 2465 3450 Petri
2533 3373 2613 3452 et
2677 3365 2930 3469 Pauli,
2999 3367 3074 3453 S.
3142 3364 3418 3451 Aloisii

770 3531 1219 3639 Gonzagae,
1288 3529 1363 3615 S.
1430 3526 1906 3638 Apollinaris
1971 3525 2339 3637 Episcopi
2405 3533 2485 3611 et
2528 3526 2911 3633 MartyriS,
2982 3527 3056 3614 S.
3126 3525 3420 3611 Mariae

771 3719 817 3773 a
880 3688 1228 3790 Porticu,
1296 3688 1670 3775 Stationis
1734 3689 2139 3774 Ecclesiae
2206 3689 2281 3775 S.
2333 3687 2826 3799 ApollinariS,
2874 3718 2963 3774 ac
3008 3687 3423 3800 postremis

773 3849 1026 3933 tribus
1113 3848 1428 3933 maioris
1512 3847 2053 3933 hebdomadae
2129 3847 2368 3951 feriis,
2457 3846 2535 3930 in
2613 3847 2938 3957 reliquis
3016 3846 3426 3933 dominicis

777 4009 958 4093 anni
1025 4009 1301 4094 diebus
1368 4038 1608 4092 unam
1671 4010 2080 4093 dumtaxat
2122 4008 2444 4092 Missam
2504 4036 2685 4091 cum
2751 4016 3009 4112 cantu,
3058 4015 3139 4093 et
3183 4037 3229 4092 a
3270 4007 3430 4119 pri-

779 4199 907 4254 ma
950 4169 1151 4254 sacri
1187 4168 1593 4254 Adventus
1658 4167 2073 4253 Dominica
2113 4197 2365 4277 usque
2411 4172 2509 4253 ad
2552 4169 3045 4255 Dominicam
3080 4169 3210 4257 SS.
3260 4169 3431 4254 Tri-

781 4329 1049 4412 nitatis
1136 4328 1556 4432 exclusive,
1634 4358 1813 4412 cum
1891 4329 2438 4440 explanatione
2525 4331 2773 4415 sancti
2853 4331 3269 4442 Evangelii
3354 4330 3435 4415 in

784 4487 993 4571 dicta
1060 4487 1133 4574 S.
1204 4487 1678 4598 Apollinaris
1742 4489 1934 4572 aede
2002 4487 2400 4573 celebrare
2465 4489 2826 4573 debcant.
2886 4489 3256 4575 Ceterum
3326 4489 3438 4574 ei-

786 4651 965 4733 dem
1033 4646 1425 4730 Cardinali
1488 4675 1628 4757 pro
1695 4654 2048 4757 tempore
2113 4646 2193 4730 in
2259 4648 2476 4733 Urbe
2541 4635 2880 4733 Vioario’
2930 4649 3010 4731 in
3073 4649 3442 4759 spiritua-

788 4807 996 4891 libus
1061 4806 1416 4917 generali
1479 4814 1956 4918 opportunas
2040 4814 2120 4892 et
2205 4807 2687 4893 necessarias
2773 4809 3266 4919 impertimus
3330 4810 3445 4894 fa-

797 4967 1156 5070 cultates,
1223 4973 1313 5051 ut
1375 4995 1516 5077 pro
1582 4996 1724 5052 suo
1807 4966 2151 5070 arbitrio,
2217 4974 2452 5078 prout
2516 4967 2596 5051 in
2663 4968 3001 5055 Domino
3080 4970 3447 5082 expedire

794 5126 1278 5231 iudicaverit,
1347 5127 1728 5238 quidquid
1792 5130 1890 5212 ad
1952 5127 2477 5213 ministerium
2532 5131 2629 5212 ab
2678 5132 3135 5216 eorumdem
3200 5131 3451 5217 Semi-

798 5286 1200 5404 nariorum
1265 5288 1601 5372 alumnis
1666 5297 2145 5374 memoratae
2192 5289 2596 5375 Ecclesiae
2657 5294 3212 5400 praestandum
3275 5320 3455 5402 per-
