4497 6714
3097 788 3245 869 127

742 985 831 1062 ut
895 977 1230 1088 singula,
1290 1004 1490 1087 quae
1554 1007 1790 1087 supra
1855 976 2373 1078 decrevimus,
2421 1004 2601 1060 cum
2664 975 2905 1061 sacris
2971 974 3211 1063 etiam
3281 974 3396 1058 in-

744 1136 1176 1248 dulgentiis
1263 1136 1563 1223 octobri
1648 1163 1919 1221 mense
2005 1136 2440 1238 lucrandis,
2533 1138 2631 1220 ad
2695 1134 3203 1246 insequentes
3269 1137 3396 1222 vel

740 1298 1189 1386 novembris
1252 1297 1378 1384 vel
1442 1296 1882 1383 decembris
1947 1323 2304 1399 menseS,
2371 1296 2738 1406 prudenti
2804 1296 3396 1381 Ordinariorum

743 1460 1066 1547 arbitrio
1131 1459 1437 1546 differri
1500 1459 1837 1545 valeant.

929 1621 1107 1707 Non
1166 1620 1646 1724 dubitamUS,
1712 1619 2222 1706 Venerabiles
2258 1622 2600 1724 FratreS,
2651 1620 2841 1731 quin
2905 1620 3111 1706 curis
3175 1619 3399 1707 hisce

744 1782 1052 1870 Nostris
1116 1784 1402 1869 uberes
1468 1788 1550 1867 et
1616 1780 1909 1893 copiosi
1952 1782 2254 1866 fructus
2318 1784 2865 1892 respondeant,
2933 1782 3397 1895 praesertim

742 1944 809 2031 si
874 1974 1077 2056 quae
1140 1945 1304 2030 Nos
1345 1942 1814 2073 plantamuS,
1863 1949 1944 2028 et
1993 1950 2255 2028 vestra
2317 1942 2762 2029 sollicitudo
2826 1943 3226 2056 rigaverit,
3294 1945 3391 2032 iis

743 2108 962 2193 Deus
1015 2107 1455 2218 gratiarum
1519 2134 1838 2190 suarum
1883 2103 2304 2215 largitione
2371 2108 2469 2192 de
2535 2105 2752 2192 caelo
2800 2105 3080 2193 afferat
3144 2105 3401 2193 incre-

742 2275 1122 2355 mentum.
1190 2271 1345 2354 Pro
1383 2273 1597 2355 certo
1632 2267 1950 2378 quidem
1982 2264 2368 2353 habemus
2431 2268 2811 2378 populum
2859 2267 3395 2355 christianum

740 2432 1096 2515 futurum
1170 2429 1382 2515 dicto
1447 2428 1900 2514 audientem
1981 2427 2480 2539 Apostolicae
2545 2429 2997 2554 auctoritati
3064 2432 3396 2521 Nostrae

745 2619 838 2678 eo
906 2591 1083 2678 fidei
1149 2599 1231 2678 et
1271 2591 1586 2702 pietatis
1649 2592 1978 2693 fervore,
2044 2588 2269 2674 cuius
2311 2590 2752 2699 praeterito.
2799 2619 3004 2677 anno
3069 2592 3389 2704 amplis-

742 2751 1029 2837 simum
1107 2752 1323 2839 dedit
1386 2754 1971 2838 documentum.
2058 2750 2438 2836 Caelestis
2517 2757 2785 2838 autem
2850 2755 3195 2840 Patrona
3260 2783 3402 2866 per

740 2915 1050 3001 Rosarii
1093 2944 1368 3027 preces
1433 2914 1795 2999 invocata
1860 2913 2063 2998 adsit
2107 2913 2466 3024 propitia,
2539 2913 3004 3025 efficiatque,
3065 2922 3177 3019 ut,
3214 2918 3400 3001 sub-

738 3073 917 3158 latis
983 3073 1440 3186 opinionum
1506 3072 1847 3158 dissidiis
1904 3080 1985 3159 et
2048 3102 2134 3158 re
2181 3071 2612 3158 christiana
2677 3073 2759 3158 in
2822 3074 3208 3161 universis
3274 3105 3401 3161 or-

735 3235 857 3321 bis
900 3243 1289 3322 terrarum
1332 3236 1689 3347 partibus
1726 3237 2116 3341 restituta,
2168 3243 2524 3347 optatam
2567 3237 2970 3324 Ecclesiae
3019 3239 3401 3349 tranquil-

736 3397 1043 3484 litatem
1109 3427 1155 3482 a
1198 3398 1372 3484 Deo
1439 3399 1980 3509 impetremus.
2048 3448 2170 3462 —
2242 3399 2485 3484 Cuius
2552 3400 2953 3512 auspicem
3014 3402 3402 3507 beneficii,

736 3560 977 3647 Vobis
1042 3567 1123 3646 et
1167 3561 1396 3648 Clero
1461 3567 1721 3647 vestro
1800 3568 1881 3646 et
1943 3561 2254 3673 populis
2318 3570 2626 3649 vestrae
2693 3592 2926 3650 curae
2994 3566 3394 3652 concredi-

739 3722 839 3808 tis
902 3723 1434 3836 Apostolicam
1506 3723 2159 3810 Benedictionem
2225 3732 2727 3836 peramanter
2798 3725 3318 3838 impertimus

925 3885 1222 3969 Datum
1326 3885 1627 3970 Romae
1723 3887 1932 3994 apud
2040 3884 2120 3972 S.
2220 3885 2550 3970 Petrum
2613 3885 2740 3971 die
2857 3916 3015 3971 xxx
3121 3888 3401 4000 Augu-

738 4043 840 4129 sti
902 4073 1463 4148 Mncccrxxxw,
1530 4046 2043 4133 Pontificatus
2108 4045 2380 4132 Nostri
2444 4075 2648 4133 anno
2712 4046 3071 4158 septimO.

1702 4368 1900 4453 LEO
1966 4369 2127 4452 ΡΡ.
2194 4365 2433 4456 XIII.
