4497 6714
3061 791 3208 869 125

699 979 982 1065 clesiae
1047 980 1374 1089 eiusque
1441 980 1737 1090 Capitis
1821 979 2185 1064 libertate
2253 956 2755 1081 vindicanda3
2836 979 2933 1061 de
2999 975 3096 1059 iis
3161 1004 3348 1061 con-

699 1140 1099 1225 servandis
1186 1140 1658 1251 tuendisque
1744 1139 2176 1249 praesidiis,
2243 1139 2325 1222 in
2417 1138 2703 1248 quibus
2799 1136 3357 1247 conquiescere

703 1305 1012 1410 oportet
1055 1300 1563 1387 securitatem
1609 1306 1688 1386 et
1734 1300 2072 1385 salutem
2124 1297 2520 1383 humanae
2587 1297 3011 1383 societatis
3061 1297 3368 1411 Ouranff

703 1464 893 1545 dum
958 1468 1081 1546 est
1145 1460 1427 1572 igitur,
1493 1469 1584 1545 ut
1648 1460 2028 1546 luctuosis
2096 1460 2316 1546 hisce
2404 1459 2809 1546 Ecclesiae
2876 1457 3364 1568 temporibus

708 1619 1055 1705 Marialis
1119 1620 1429 1708 Rosarii
1513 1620 2006 1705 sanctissima
2090 1624 2579 1706 consuetudo
2661 1618 3009 1704 studiose
3075 1617 3362 1729 pieque

706 1789 1101 1887 servetur,
1170 1812 1263 1869 eo
1328 1782 1749 1895 praecipue
1837 1787 2047 1893 quod
2109 1781 2563 1868 huiusmodi
2648 1811 2923 1894 preces
3004 1809 3183 1864 cum
3251 1779 3362 1863 ita

706 1941 863 2027 sint
928 1944 1406 2054 compositae
1473 1952 1563 2028 ut
1629 1944 1890 2029 omnia
1956 1973 2054 2029 ex
2118 1943 2390 2029 ordine
2467 1942 2742 2028 salutis
2807 1949 3120 2027 nostrae
3200 1969 3365 2048 my-

708 2103 949 2189 steria
1011 2105 1386 2208 recolant,
1454 2105 1792 2190 maxime
1849 2112 2033 2190 sunt
2102 2108 2199 2189 ad
2263 2107 2691 2191 fovendum
2753 2103 3071 2215 pietatis
3137 2101 3364 2214 spiri-

717 2271 891 2349 tum
956 2274 1476 2376 comparatae.

893 2428 999 2512 Et
1040 2430 1140 2511 ad
1172 2427 1486 2512 Italiam
1521 2431 1730 2539 quod
1774 2428 2080 2532 attinet,
2116 2426 2707 2538 potentissimae
2742 2425 3092 2537 Virginis
3137 2455 3365 2537 prae-

705 2587 993 2673 sidium
1024 2616 1235 2673 nunc
1302 2589 1640 2674 maxime
1703 2616 1846 2699 per
1877 2590 2189 2674 Rosarii
2253 2617 2527 2701 preces
2573 2588 2988 2699 implorare
3036 2615 3361 2674 necesse

708 2755 851 2851 est,
924 2778 1173 2859 quum
1237 2748 1464 2835 nobis
1528 2748 1732 2833 adsit
1796 2748 2084 2860 potius,
2141 2779 2375 2860 quam
2442 2749 2915 2860 impendeat,
2981 2776 3128 2834 nec
3196 2746 3366 2858 opi-

706 2918 891 2996 nata
956 2910 1381 2997 calamitas.
1465 2910 1758 2997 Asiana
1822 2911 2032 2998 enim
2097 2911 2270 2997 lues
2335 2912 2711 2998 terminos
2738 2978 2757 3015 ,
2827 2939 3023 3022 quos
3087 2918 3370 2996 natura

704 3072 1061 3184 posuisse
1126 3073 1569 3177 videbatur,
1637 3073 1810 3159 Deo
1856 3072 2192 3175 volente,
2236 3078 2800 3184 praetervecta,
2867 3079 3139 3182 portus
3176 3072 3366 3157 Gral-

706 3232 838 3319 lici
902 3232 1120 3320 sinus
1187 3232 1763 3337 celeberrimOS,
1831 3261 1922 3318 ac
1986 3232 2356 3317 finitimas
2422 3231 2704 3318 exinde
2751 3232 3029 3318 Italiae
3095 3232 3365 3345 regio-

707 3422 848 3480 nes
914 3394 1283 3504 pervasit.
1334 3444 1451 3458 —
1501 3393 1625 3479 Ad
1689 3394 2018 3479 Mariam
2083 3393 2330 3505 igitur
2395 3394 3013 3506 confugiendum
3081 3401 3224 3498 cst,
3271 3398 3371 3479 ad

707 3583 906 3658 eam,
955 3585 1195 3667 quam
1262 3556 1434 3642 iure
1501 3555 1942 3666 meritoque
1989 3555 2496 3658 salutiferam,
2565 3557 2967 3666 opiferam,
3035 3556 3369 3667 sospita-

704 3714 986 3802 tricem
1055 3716 1409 3826 appellat
1442 3716 1823 3819 Ecclesia,
1860 3716 1976 3801 uti
2011 3715 2282 3801 volens
2327 3716 2664 3827 propitia
2709 3745 2940 3828 opem
2985 3718 3374 3828 acceptis-

712 3875 930 3963 simis
993 3877 1142 3963 sibi
1208 3878 1575 3989 precibus
1627 3877 2124 3989 imploratam
2172 3877 2488 3982 afferat,
2550 3878 3094 3989 impuramque
3161 3879 3376 3966 luem

714 4067 761 4121 a
824 4037 1050 4138 nobis
1123 4037 1362 4148 longe
1427 4036 1793 4148 depellat.

905 4198 1347 4309 Quaproter
1411 4201 1881 4284 adventante
1927 4199 2083 4283 iam
2151 4228 2424 4286 11161166
2491 4200 2833 4302 Octobri,
2884 4228 3038 4310 quo
3104 4231 3376 4288 mense

716 4388 937 4444 sacra
1000 4358 1382 4444 solemnia
1446 4358 1741 4444 Mariae
1804 4358 2152 4470 Virginis
2206 4389 2252 4443 a
2315 4360 2647 4444 Rosario
2689 4359 2771 4442 in
2837 4362 3025 4446 orbe
3094 4360 3371 4447 catho-

711 4521 863 4608 lico
929 4529 1298 4632 aguntur,
1346 4522 1607 4608 omnia
1651 4552 1766 4626 ea,
1804 4552 2005 4634 quae
2052 4525 2478 4635 praeterito
2545 4553 2749 4610 anno
2801 4525 3371 4637 praecepimuS,

711 4679 864 4768 hoc
940 4708 1147 4766 anno
1234 4681 1526 4768 iterum
1611 4683 2066 4794 praecipere
2154 4683 2599 4769 statuimus.
2668 4734 2789 4747 --
2855 4685 3377 4773 Decernimus

718 4842 986 4953 itaque
1058 4849 1139 4930 et
1201 4845 1688 4946 mandamuS,
1759 4850 1848 4928 ut
1892 4874 1939 4929 a
1991 4843 2244 4955 prima
2309 4844 2437 4932 die
2505 4845 2867 4931 Octobris
2932 4849 3031 4931 ad
3095 4876 3378 4933 secun-

716 5004 895 5086 dam
962 5002 1515 5112 consequentis
1582 5003 2052 5089 Novembris
2116 5004 2199 5088 in
2256 5006 2621 5091 omnibus
2687 5007 3112 5093 curialibus
3177 5017 3378 5093 tem-

716 5166 891 5277 plis,
958 5165 1412 5251 sacrariisve
1448 5164 1788 5276 publicis
1825 5165 2215 5276 Deiparae
2265 5165 2570 5270 dicatis,
2627 5166 2876 5252 autin
2911 5168 3085 5253 aliis
3140 5168 3379 5255 etiam

720 5325 1040 5413 arbitrio
1107 5326 1490 5412 Ordinarii
1560 5327 1970 5439 eligendiS,
2030 5327 2377 5438 quinque
2445 5329 2725 5416 saltem
2779 5331 3089 5416 Rosarii
3154 5335 3379 5418 deca-
