4497 6714
3063 785 3221 865 5207

1714 1097 2387 1197 INDEX

1666 1788 2454 1875 MDOOGLXXXIV

709 2147 1000 2211 Litterae
1063 2144 1487 2229 Apostolicae
1550 2143 1674 2207 sub
1724 2142 1919 2207 anulo
1968 2142 2324 2204 Piscatoris
2404 2171 2432 2199 «
2465 2140 2591 2203 Rei
2644 2136 3064 2204 Catholicae»
3119 2136 3226 2200 dic

882 2273 926 2336 4
971 2273 1299 2354 Ianuarii3
1347 2271 1587 2356 quibus
1614 2270 1981 2355 plenarium
2008 2267 2377 2333 Concilium
2409 2289 2525 2352 per
2558 2267 2927 2352 Episcopos
2970 2264 3221 2329 Foede-

887 2411 1181 2466 ratarum
1230 2400 1575 2464 Americae
1608 2397 2150 2483 Septentrionalis
2184 2397 2529 2461 Ditionum
2571 2394 2952 2460 habendum
3000 2392 3225 2457 decer-

885 2529 1084 2609 nitur,
1134 2527 1324 2612 eique
1371 2523 1791 2610 praesidcndi
1817 2546 2054 2589 munus
2084 2522 2330 2587 Iacobo
2362 2520 2662 2587 Gibbons
2711 2519 3227 2604 Archiepiscopo

887 2652 1349 2717 Baltimorensi
1393 2651 1735 2733 delegatur
1742 2696 2964 2714 ............
3060 2643 3226 2710 PAG.
3368 2644 3399 2707 1

711 2905 1004 2970 Litterae
1031 2902 1446 2989 Apostolicae
1482 2900 1603 2966 sub
1639 2901 1834 2965 anulo
1868 2901 2222 2965 Piscatoris
2279 2928 2307 2959 α
2355 2899 2568 2973 Quum
2594 2899 2796 2963 Nobis
2827 2927 2858 2957 ›>
2913 2897 3018 2961 die
3059 2897 3101 2961 4
3132 2898 3234 2961 Ia-

886 3030 1135 3111 nuariit,
1183 3028 1423 3114 quibus
1448 3027 1672 3091 Missio
1701 3026 2323 3107 Queenslandiensis
2352 3024 2587 3090 Ordini
2612 3026 2893 3089 fratrum
2934 3024 3227 3089 eremita-

888 3179 1037 3221 rum
1063 3154 1129 3220 S.
1148 3154 1505 3238 Augustini
1525 3153 1911 3217 Provinciae
1933 3151 2333 3217 Hibernicae
2367 3150 2830 3224 demandatur,
2860 3158 2925 3214 et
2948 3150 3229 3214 Ioannes

885 3279 1340 3363 Hutchinson,
1393 3277 1742 3365 presbyter
1791 3276 2087 3341 eiusdem
2116 3275 2383 3341 Ordinis
2402 3325 2418 3359 ,
2469 3274 2779 3340 Vicarius
2809 3273 3233 3360 Apostolicus

892 3409 1262 3474 instituitur
1288 3451 3094 3472 .................
3194 3431 3226 3460 ›>
3371 3402 3412 3466 3

718 3661 1084 3724 Decretum
1136 3689 1168 3720 ‹<
1200 3657 1344 3721 Iam
1374 3657 1522 3721 inde
1551 3684 1582 3712 ›>
1636 3655 1740 3720 die
1774 3656 1813 3719 6
1845 3656 2177 3737 Ianuarii3
2220 3654 2303 3719 de
2329 3653 2660 3739 precibus,
2701 3654 3238 3740 peractoMissac

892 3783 1231 3867 sacrificiO,
1281 3790 1417 3848 toto
1467 3781 1624 3846 orbe
1658 3781 2115 3867 persolvendis
2191 3829 3099 3847 .........
3196 3810 3228 3841 »
3371 3781 3414 3848 5

710 4037 1003 4101 Litterae
1054 4033 1471 4120 Apostolicae
1519 4032 1644 4098 sub
1714 4031 1909 4096 anulo
1984 4031 2339 4096 Piscatoris
2408 4062 2440 4092 «
2479 4031 2768 4096 Provido
2841 4053 2996 4096 sanc
3033 4059 3065 4089 »
3135 4030 3241 4095 die

897 4164 923 4226 l
979 4159 1358 4241 Februarii3
1421 4157 1503 4223 de
1550 4158 1809 4222 exuviis
1874 4156 1939 4221 S.
1996 4155 2317 4241 Alphonsi
2363 4155 2616 4221 Mariae
2667 4155 2750 4220 de
2802 4155 3065 4239 Ligorio
3123 4156 3240 4220 im-

888 4282 1213 4348 mediatae
1290 4281 1714 4366 Apostolicae
1784 4280 1975 4347 Sedis
2046 4279 2481 4344 iurisdictioni
2558 4302 2636 4344 ac
2714 4278 2961 4344 tutelae
3040 4278 3239 4344 subii-

892 4408 1141 4472 ciendis
1191 4455 3102 4473 ..................
3202 4432 3234 4464 >>
3379 4408 3415 4471 7

717 4657 1017 4743 Epistola
1062 4656 1426 4743 Encyclica
1479 4682 1509 4713 «
1548 4655 1972 4721 Nobilissima
2012 4655 2359 4722 Gallorum
2395 4683 2426 4707 τ»
2479 4657 2585 4721 dic
2635 4656 2719 4720 10
2753 4655 3103 4721 Februarii
3151 4656 3239 4721 ad

894 4781 1264 4866 Episcopos
1321 4779 1597 4846 Galliae.
1651 4819 1732 4829 —
1782 4780 2018 4846 Avitas
2093 4779 2438 4846 Gallorum
2507 4781 2741 4846 laudes
2803 4782 3114 4847 maiorem
3176 4785 3245 4847 in

896 4905 1163 4972 modum
1208 4905 1640 4972 commendat.
1694 4945 1774 4954 —
1825 4906 1931 4971 Dc
1976 4905 2255 4971 funestis
2302 4906 2606 4991 religioni
2659 4908 2886 4994 reique
2937 4907 3247 4993 publicae

898 5026 1163 5093 casibus
1210 5030 1656 5116 conqueritur,
1706 5051 1869 5116 quos
1917 5030 2316 5114 proximiora
2371 5030 2572 5094 aetati
2626 5040 2893 5098 nostrae
2944 5040 3245 5115 tempora

897 5163 1315 5239 pepererunt.
1370 5193 1449 5203 —
1502 5153 1761 5220 Galliae
1823 5154 2099 5240 populos
2164 5155 2633 5218 convenienter
2694 5155 3097 5240 temporibus
3164 5156 3251 5221 ad

900 5279 1185 5344 officium
1234 5279 1638 5344 cohortatur.
1693 5318 1773 5327 —
1824 5280 2002 5344 Fieri
2050 5300 2179 5344 non
2225 5300 2419 5364 posse
2467 5280 2787 5363 ostendit,
2851 5290 2924 5346 ut
2970 5301 3242 5366 prospe·

901 5405 1062 5468 ritas
1109 5404 1361 5468 civitati
1408 5405 1776 5488 comitetur,
1826 5406 2072 5470 virtute
2116 5402 2448 5488 religionis
2505 5407 2823 5471 extincta.
2877 5445 2957 5453 —
3009 5404 3246 5472 Catho-
