4497 6714
3164 809 3262 887 13

764 995 1170 1081 Ecclesiae
1237 994 1493 1079 solum
1559 999 1869 1096 nocent,
1936 996 2075 1078 sed
2138 992 2289 1104 ipsi
2353 1020 2666 1102 quoque
2733 997 2918 1076 sunt
2979 991 3417 1103 perniciosa

762 1163 842 1241 et
904 1159 1219 1242 funesta
1281 1156 1802 1267 reipublicae3
1870 1163 2292 1267 propterea
2380 1159 2590 1265 quod
2667 1153 2836 1240 fieri
2918 1183 3075 1240 non
3156 1160 3418 1265 potest

759 1326 850 1403 ut
911 1317 1388 1428 prosperitas
1435 1317 1733 1403 civitati
1770 1316 2214 1421 comitetur,
2261 1317 2554 1401 virtute
2588 1315 2997 1427 religionis
3043 1316 3413 1401 extincta.

756 1482 862 1564 Et
922 1508 1110 1564 sane
1175 1479 1311 1563 ubi
1376 1478 1628 1564 vereri
1693 1479 1954 1563 Deum
2019 1476 2255 1562 homo
2289 1476 2544 1579 desiit,
2589 1476 3019 1560 maximum
3063 1476 3408 1563 iustitiae

760 1641 1063 1726 tollitur
1126 1643 1751 1744 fundamentum,
1821 1642 1990 1726 sine
2059 1670 2216 1751 qua
2281 1642 2486 1725 bene
2552 1639 2725 1751 geri
2789 1668 2959 1724 rem
3021 1640 3417 1748 publicam

759 1801 886 1886 vel
928 1801 1077 1912 ipsi
1124 1801 1621 1887 ethnicorum
1668 1802 2062 1911 sapientes
2110 1803 2513 1911 negabant
2581 1828 2848 1910 posse3
2896 1828 3152 1910 neque
3208 1799 3419 1885 enim

761 1962 951 2048 satis
1016 1961 1386 2048 habitura
1450 1963 1862 2074 dignitatis
1928 1970 2049 2049 est
2113 1963 2538 2049 auctoritas
2609 1963 3093 2074 principum,
3161 1992 3417 2074 neque

763 2122 952 2207 satis
1017 2123 1306 2209 virium
1372 2123 1621 2234 leges
1698 2124 1890 2207 Plus
1958 2126 2167 2234 apud
2230 2152 2879 2233 unumquemque
2929 2124 3223 2211 valebit
3264 2125 3421 2211 uti-

760 2283 963 2387 litas,
1033 2312 1268 2394 quam
1333 2282 1741 2369 honestas:
1808 2284 2208 2370 vacillabit
2273 2284 2771 2370 incolumitas
2818 2285 3148 2388 jurium,
3213 2286 3421 2371 malo

763 2448 1086 2531 custode
1153 2445 1591 2531 officiorum
1655 2476 2092 2558 poenarum
2156 2455 2417 2532 metu:
2486 2456 2566 2533 et
2632 2447 2766 2558 qui
2832 2447 3242 2558 imperant,
3309 2450 3423 2533 fa-

760 2606 908 2692 cile
972 2607 1055 2690 in
1119 2607 1607 2693 dominatum
1675 2608 2081 2709 iniustum,
2130 2616 2211 2694 et
2279 2609 2413 2719 qui
2480 2617 2785 2720 parent,
2822 2610 2976 2693 levi
3021 2617 3420 2696 momento

763 2767 843 2850 in
908 2767 1376 2854 seditionem
1463 2775 1543 2853 et
1620 2771 1894 2853 turbas
1977 2768 2474 2855 delabentur.
2543 2820 2664 2833 —
2752 2772 3175 2857 Praeterea
3241 2771 3426 2881 quia

760 2927 959 3013 nihil
1026 2937 1147 3014 est
1210 2929 1291 3013 in
1355 2958 1622 3014 rerum
1688 2936 1977 3013 natura
2020 2930 2232 3033 boni,
2284 2934 2495 3040 quod
2536 2960 2694 3016 non
2736 2932 3070 3016 bonitati
3115 2932 3422 3020 divinae

762 3096 1176 3198 acceptum
1241 3091 1746 3174 referendum
1817 3089 1943 3191 sit,
2012 3090 2266 3174 omnis
2332 3088 2745 3175 hominum
2813 3091 3172 3191 societas,
3227 3121 3427 3203 qnae

765 3280 812 3333 a
876 3250 1286 3361 disciplina
1384 3258 1464 3336 et
1559 3249 2129 3361 temperatione
2230 3251 2354 3335 sui
2451 3253 2726 3337 abesse
2793 3253 3055 3337 Deum
3133 3253 3425 3345 iubeat.

771 3420 1151 3521 quantum
1220 3417 1340 3497 est
1404 3411 1485 3494 in
1571 3441 1700 3513 se,
1769 3411 2079 3497 divinae
2144 3414 2715 3500 beneficentiae
2782 3416 3238 3501 adiumenta
3301 3448 3426 3504 re-

764 3572 997 3683 spuit,
1065 3572 1455 3682 planeque
1524 3580 1644 3657 est
1708 3572 1985 3683 digna,
2056 3574 2182 3658 cui
2248 3575 2610 3660 caelestis
2664 3576 2914 3661 tutela
2958 3580 3424 3689 denegetur.

766 3736 1046 3843 Itaque
1114 3732 1618 3843 quantumvis
1683 3733 1966 3845 opibus
2046 3735 2270 3819 firma
2348 3743 2429 3821 et
2516 3736 2759 3847 copiis
2837 3737 3187 3849 locuples
3254 3769 3428 3827 esse

761 3893 1143 3998 videatur,
1211 3892 1420 4004 gerit
1485 3901 1751 3978 tamon
1841 3892 2207 3978 interitus
2296 3895 2419 3979 sui
2510 3895 2588 3979 in
2676 3896 2865 4006 ipsis
2946 3898 3428 4010 reipublicae

765 4055 1195 4141 visceribus
1261 4056 1566 4140 inclusa
1631 4056 1956 4160 semina,
2005 4086 2266 4167 neque
2320 4088 2546 4169 spem
2589 4057 2886 4146 habere
2950 4069 3211 4171 potest
3255 4062 3431 4147 diu-

771 4215 1194 4300 turnitatis
1264 4216 1581 4303 Scilicet
1646 4218 2020 4328 gentibus
2087 4217 2561 4320 christianis,
2627 4250 2785 4306 non
2835 4224 2998 4308 fere
3045 4252 3273 4309 secus
3340 4254 3430 4310 ac

769 4376 1104 4487 singulis
1169 4375 1647 4480 hominibuS,
1716 4386 1878 4462 tam
1947 4387 2067 4464 cst
2141 4380 2523 4466 inservire
2592 4383 2743 4467 Dei
2810 4384 3153 4470 consiliis
3222 4386 3432 4471 saln-

767 4538 934 4640 bre,
1003 4567 1240 4647 quam
1304 4539 1639 4624 deficere
1705 4539 2293 4649 periculosum3
2337 4542 2633 4653 'eisque
2704 4540 2900 4630 illud
2963 4546 3430 4658 plerumque

773 4697 1080 4801 accidit,
1150 4706 1239 4783 ut
1294 4699 1580 4809 quibus
1627 4700 2114 4810 temporibus
2157 4702 2623 4791 fidelitatem
2656 4736 2881 4791 suam
2927 4737 3120 4819 erga
3163 4710 3425 4796 Deum

772 4858 899 4944 vel
961 4858 1404 4945 Ecclesiam
1468 4859 1892 4945 studiosius
1955 4862 2324 4967 retinent,
2371 4863 2451 4948 in
2496 4868 2880 4978 optimum
2923 4876 3218 4955 statum
3282 4902 3423 4958 na-

775 5016 1013 5102 turali
1080 5021 1419 5128 quodam
1483 5019 1765 5105 itinere
1829 5020 2190 5126 veniant3
2261 5024 2548 5133 quibus
2591 5028 2988 5132 deserunt,
3036 5030 3423 5117 excidant.

780 5178 948 5263 Has
1016 5178 1335 5288 quidem
1398 5179 1611 5266 vices
1676 5180 1758 5264 in
1823 5181 2238 5267 annalibus
2312 5189 2758 5295 temporum
2835 5188 3126 5275 intueri
3190 5190 3433 5298 licet3

779 5370 1208 5452 earumque
1273 5343 1703 5427 domestica
1748 5351 1829 5428 et
1871 5344 2058 5428 satis
2092 5346 2441 5431 recentia
2484 5350 2844 5461 exempla
2888 5361 3423 5462 suppeterent,
