<?xml version="1.0" encoding="UTF-8"?>
<!DOCTYPE html PUBLIC "-//W3C//DTD XHTML 1.0 Transitional//EN"
    "http://www.w3.org/TR/xhtml1/DTD/xhtml1-transitional.dtd">
<html xmlns="http://www.w3.org/1999/xhtml" xml:lang="en" lang="en">
 <head>
  <title>
</title>
<meta http-equiv="Content-Type" content="text/html;charset=utf-8" />
  <meta name='ocr-system' content='tesseract 3.04.00' />
  <meta name='ocr-capabilities' content='ocr_page ocr_carea ocr_par ocr_line ocrx_word'/>
</head>
<body>
  <div class='ocr_page' id='page_1' title='image "./leonisxiiiponti00churgoog_0096.png"; bbox 0 0 4497 6714; ppageno 0'>
   <div class='ocr_carea' id='block_1_1' title="bbox 1101 746 1203 823">
    <p class='ocr_par' dir='ltr' id='par_1_1' title="bbox 1101 746 1203 823">
     <span class='ocr_line' id='line_1_1' title="bbox 1101 746 1203 823; baseline 0 0"><span class='ocrx_word' id='word_1_1' title='bbox 1101 746 1203 823; x_wconf 67' lang='lat'>81</span> 
     </span>
    </p>
   </div>
   <div class='ocr_carea' id='block_1_2' title="bbox 936 941 3643 5398">
    <p class='ocr_par' dir='ltr' id='par_1_2' title="bbox 948 941 3615 1865">
     <span class='ocr_line' id='line_1_2' title="bbox 951 941 3609 1055; baseline -0.003 -24"><span class='ocrx_word' id='word_1_2' title='bbox 951 950 1191 1033; x_wconf 88' lang='lat' dir='ltr'>unitis</span> <span class='ocrx_word' id='word_1_3' title='bbox 1256 959 1621 1034; x_wconf 87' lang='lat' dir='ltr'>aeternae</span> <span class='ocrx_word' id='word_1_4' title='bbox 1688 944 2045 1055; x_wconf 87' lang='lat' dir='ltr'>propriae</span> <span class='ocrx_word' id='word_1_5' title='bbox 2112 944 2404 1029; x_wconf 85' lang='lat' dir='ltr'>sobolis</span> <span class='ocrx_word' id='word_1_6' title='bbox 2468 944 2702 1027; x_wconf 86' lang='lat' dir='ltr'>saluti</span> <span class='ocrx_word' id='word_1_7' title='bbox 2790 949 3211 1052; x_wconf 87' lang='lat' dir='ltr'>rectaeque</span> <span class='ocrx_word' id='word_1_8' title='bbox 3291 941 3609 1026; x_wconf 88' lang='lat' dir='ltr'>institu-</span> 
     </span>
     <span class='ocr_line' id='line_1_3' title="bbox 950 1104 3613 1222; baseline -0.003 -28"><span class='ocrx_word' id='word_1_9' title='bbox 950 1110 1144 1196; x_wconf 92' lang='lat' dir='ltr'>tioni</span> <span class='ocrx_word' id='word_1_10' title='bbox 1209 1110 1467 1222; x_wconf 85' lang='lat' dir='ltr'>aptius</span> <span class='ocrx_word' id='word_1_11' title='bbox 1533 1110 1851 1193; x_wconf 84' lang='lat' dir='ltr'>studere</span> <span class='ocrx_word' id='word_1_12' title='bbox 1938 1113 2018 1191; x_wconf 91' lang='lat' dir='ltr'>et</span> <span class='ocrx_word' id='word_1_13' title='bbox 2083 1105 2476 1191; x_wconf 89' lang='lat' dir='ltr'>efficacius</span> <span class='ocrx_word' id='word_1_14' title='bbox 2548 1105 3352 1216; x_wconf 84' lang='lat' dir='ltr'>consulere·possint.</span> <span class='ocrx_word' id='word_1_15' title='bbox 3425 1104 3613 1187; x_wconf 86' lang='lat' dir='ltr'>Plu-</span> 
     </span>
     <span class='ocr_line' id='line_1_4' title="bbox 948 1268 3612 1382; baseline -0.003 -25"><span class='ocrx_word' id='word_1_16' title='bbox 948 1304 1075 1358; x_wconf 89' lang='lat' dir='ltr'>res</span> <span class='ocrx_word' id='word_1_17' title='bbox 1137 1272 1375 1357; x_wconf 88' lang='lat' dir='ltr'>huius</span> <span class='ocrx_word' id='word_1_18' title='bbox 1440 1270 1757 1382; x_wconf 90' lang='lat' dir='ltr'>generis</span> <span class='ocrx_word' id='word_1_19' title='bbox 1825 1269 2449 1356; x_wconf 88' lang='lat' dir='ltr'>consociationes</span> <span class='ocrx_word' id='word_1_20' title='bbox 2512 1268 2672 1353; x_wconf 89' lang='lat' dir='ltr'>hue</span> <span class='ocrx_word' id='word_1_21' title='bbox 2737 1268 2924 1353; x_wconf 89' lang='lat' dir='ltr'>illuc</span> <span class='ocrx_word' id='word_1_22' title='bbox 2990 1268 3358 1354; x_wconf 74' lang='lat' dir='ltr'>inductae</span> <span class='ocrx_word' id='word_1_23' title='bbox 3406 1275 3612 1371; x_wconf 83' lang='lat' dir='ltr'>sunt,</span> 
     </span>
     <span class='ocr_line' id='line_1_5' title="bbox 948 1428 3613 1540; baseline -0.003 -21"><span class='ocrx_word' id='word_1_24' title='bbox 948 1433 1111 1519; x_wconf 86' lang='lat' dir='ltr'>sive</span> <span class='ocrx_word' id='word_1_25' title='bbox 1176 1436 1274 1518; x_wconf 85' lang='lat' dir='ltr'>de</span> <span class='ocrx_word' id='word_1_26' title='bbox 1340 1433 1526 1519; x_wconf 89' lang='lat' dir='ltr'>viris</span> <span class='ocrx_word' id='word_1_27' title='bbox 1563 1499 1581 1533; x_wconf 88' lang='lat'>,</span> <span class='ocrx_word' id='word_1_28' title='bbox 1650 1431 1815 1517; x_wconf 83' lang='lat' dir='ltr'>sive</span> <span class='ocrx_word' id='word_1_29' title='bbox 1879 1433 1976 1516; x_wconf 88' lang='lat' dir='ltr'>de</span> <span class='ocrx_word' id='word_1_30' title='bbox 2043 1429 2355 1515; x_wconf 88' lang='lat' dir='ltr'>feminis</span> <span class='ocrx_word' id='word_1_31' title='bbox 2420 1436 2739 1540; x_wconf 78' lang='lat' dir='ltr'>agatur,</span> <span class='ocrx_word' id='word_1_32' title='bbox 2809 1457 3010 1540; x_wconf 86' lang='lat' dir='ltr'>quae</span> <span class='ocrx_word' id='word_1_33' title='bbox 3079 1428 3405 1513; x_wconf 80' lang='lat' dir='ltr'>Caelitis</span> <span class='ocrx_word' id='word_1_34' title='bbox 3471 1429 3613 1511; x_wconf 89' lang='lat' dir='ltr'>ali-</span> 
     </span>
     <span class='ocr_line' id='line_1_6' title="bbox 953 1589 3615 1700; baseline -0.002 -22"><span class='ocrx_word' id='word_1_35' title='bbox 953 1594 1176 1679; x_wconf 91' lang='lat' dir='ltr'>cuius</span> <span class='ocrx_word' id='word_1_36' title='bbox 1239 1594 1537 1679; x_wconf 86' lang='lat' dir='ltr'>tutelae</span> <span class='ocrx_word' id='word_1_37' title='bbox 1603 1622 1776 1678; x_wconf 88' lang='lat' dir='ltr'>sese</span> <span class='ocrx_word' id='word_1_38' title='bbox 1845 1591 2447 1691; x_wconf 89' lang='lat' dir='ltr'>commiserunt,</span> <span class='ocrx_word' id='word_1_39' title='bbox 2514 1598 2594 1675; x_wconf 87' lang='lat' dir='ltr'>et</span> <span class='ocrx_word' id='word_1_40' title='bbox 2658 1589 3135 1675; x_wconf 88' lang='lat' dir='ltr'>laetissimos</span> <span class='ocrx_word' id='word_1_41' title='bbox 3205 1589 3615 1700; x_wconf 73' lang='lat' dir='ltr'>religionis</span> 
     </span>
     <span class='ocr_line' id='line_1_7' title="bbox 949 1753 2130 1865; baseline -0.004 -26"><span class='ocrx_word' id='word_1_42' title='bbox 949 1784 1039 1839; x_wconf 93' lang='lat' dir='ltr'>ac</span> <span class='ocrx_word' id='word_1_43' title='bbox 1103 1753 1421 1865; x_wconf 84' lang='lat' dir='ltr'>pietatis</span> <span class='ocrx_word' id='word_1_44' title='bbox 1488 1754 1793 1838; x_wconf 88' lang='lat' dir='ltr'>fructus</span> <span class='ocrx_word' id='word_1_45' title='bbox 1861 1754 2130 1836; x_wconf 84' lang='lat' dir='ltr'>edunt.</span> 
     </span>
    </p>

    <p class='ocr_par' dir='ltr' id='par_1_3' title="bbox 936 1896 3643 5398">
     <span class='ocr_line' id='line_1_8' title="bbox 944 1896 3616 2028; baseline -0.002 -26"><span class='ocrx_word' id='word_1_46' title='bbox 944 1896 957 1905; x_wconf 42' lang='lat'>⁸</span> <span class='ocrx_word' id='word_1_47' title='bbox 1142 1912 1261 2001; x_wconf 68' lang='lat' dir='ltr'>Sf&#39;</span> <span class='ocrx_word' id='word_1_48' title='bbox 1326 1916 1448 2001; x_wconf 89' lang='lat' dir='ltr'>De</span> <span class='ocrx_word' id='word_1_49' title='bbox 1514 1919 1928 2028; x_wconf 66' lang='lat' dir='ltr'>artificibus</span> <span class='ocrx_word' id='word_1_50' title='bbox 1991 1920 2256 1998; x_wconf 90' lang='lat' dir='ltr'>autem</span> <span class='ocrx_word' id='word_1_51' title='bbox 2324 1919 2405 1997; x_wconf 89' lang='lat' dir='ltr'>et</span> <span class='ocrx_word' id='word_1_52' title='bbox 2468 1921 2861 2026; x_wconf 72' lang='lat' dir='ltr'>operariis,</span> <span class='ocrx_word' id='word_1_53' title='bbox 2930 1912 3137 1998; x_wconf 89' lang='lat' dir='ltr'>inter</span> <span class='ocrx_word' id='word_1_54' title='bbox 3216 1942 3412 2023; x_wconf 88' lang='lat' dir='ltr'>quos</span> <span class='ocrx_word' id='word_1_55' title='bbox 3475 1942 3616 2023; x_wconf 88' lang='lat' dir='ltr'>po-</span> 
     </span>
     <span class='ocr_line' id='line_1_9' title="bbox 949 2072 3616 2192; baseline -0.001 -30"><span class='ocrx_word' id='word_1_56' title='bbox 949 2078 1343 2163; x_wconf 89' lang='lat' dir='ltr'>tissimum</span> <span class='ocrx_word' id='word_1_57' title='bbox 1408 2077 1765 2192; x_wconf 81' lang='lat' dir='ltr'>delectus</span> <span class='ocrx_word' id='word_1_58' title='bbox 1834 2073 2115 2160; x_wconf 86' lang='lat' dir='ltr'>haberi</span> <span class='ocrx_word' id='word_1_59' title='bbox 2182 2074 2383 2160; x_wconf 88' lang='lat' dir='ltr'>solet</span> <span class='ocrx_word' id='word_1_60' title='bbox 2449 2076 2546 2159; x_wconf 92' lang='lat' dir='ltr'>ab</span> <span class='ocrx_word' id='word_1_61' title='bbox 2614 2072 2731 2176; x_wconf 86' lang='lat' dir='ltr'>iis,</span> <span class='ocrx_word' id='word_1_62' title='bbox 2781 2073 3066 2183; x_wconf 91' lang='lat' dir='ltr'>quibus</span> <span class='ocrx_word' id='word_1_63' title='bbox 3109 2074 3234 2160; x_wconf 84' lang='lat' dir='ltr'>vel</span> <span class='ocrx_word' id='word_1_64' title='bbox 3279 2074 3447 2185; x_wconf 91' lang='lat' dir='ltr'>ipsa</span> <span class='ocrx_word' id='word_1_65' title='bbox 3491 2104 3616 2158; x_wconf 88' lang='lat' dir='ltr'>re-</span> 
     </span>
     <span class='ocr_line' id='line_1_10' title="bbox 950 2234 3615 2349; baseline -0.002 -27"><span class='ocrx_word' id='word_1_66' title='bbox 950 2237 1269 2349; x_wconf 90' lang='lat' dir='ltr'>ligionis</span> <span class='ocrx_word' id='word_1_67' title='bbox 1336 2244 1415 2324; x_wconf 90' lang='lat' dir='ltr'>et</span> <span class='ocrx_word' id='word_1_68' title='bbox 1500 2235 1910 2323; x_wconf 87' lang='lat' dir='ltr'>societatis</span> <span class='ocrx_word' id='word_1_69' title='bbox 1988 2235 2499 2320; x_wconf 87' lang='lat' dir='ltr'>fundamenta</span> <span class='ocrx_word' id='word_1_70' title='bbox 2595 2234 3036 2320; x_wconf 86' lang='lat' dir='ltr'>convellere</span> <span class='ocrx_word' id='word_1_71' title='bbox 3131 2234 3615 2346; x_wconf 83' lang='lat' dir='ltr'>propositum</span> 
     </span>
     <span class='ocr_line' id='line_1_11' title="bbox 955 2394 3619 2510; baseline -0.002 -26"><span class='ocrx_word' id='word_1_72' title='bbox 955 2404 1075 2484; x_wconf 90' lang='lat' dir='ltr'>est</span> <span class='ocrx_word' id='word_1_73' title='bbox 1112 2464 1131 2501; x_wconf 88' lang='lat'>,</span> <span class='ocrx_word' id='word_1_74' title='bbox 1198 2405 1497 2510; x_wconf 91' lang='lat' dir='ltr'>ponant</span> <span class='ocrx_word' id='word_1_75' title='bbox 1563 2396 1712 2481; x_wconf 92' lang='lat' dir='ltr'>sibi</span> <span class='ocrx_word' id='word_1_76' title='bbox 1781 2404 1963 2481; x_wconf 90' lang='lat' dir='ltr'>ante</span> <span class='ocrx_word' id='word_1_77' title='bbox 2031 2396 2301 2482; x_wconf 91' lang='lat' dir='ltr'>oculos</span> <span class='ocrx_word' id='word_1_78' title='bbox 2367 2396 2778 2483; x_wconf 78' lang='lat' dir='ltr'>Sacrorum</span> <span class='ocrx_word' id='word_1_79' title='bbox 2864 2394 3281 2480; x_wconf 89' lang='lat' dir='ltr'>Antistites</span> <span class='ocrx_word' id='word_1_80' title='bbox 3365 2395 3619 2506; x_wconf 85' lang='lat' dir='ltr'>prisca</span> 
     </span>
     <span class='ocr_line' id='line_1_12' title="bbox 952 2555 3620 2670; baseline -0.001 -26"><span class='ocrx_word' id='word_1_81' title='bbox 952 2560 1089 2644; x_wconf 90' lang='lat' dir='ltr'>illa</span> <span class='ocrx_word' id='word_1_82' title='bbox 1154 2560 1495 2670; x_wconf 86' lang='lat' dir='ltr'>collegia</span> <span class='ocrx_word' id='word_1_83' title='bbox 1563 2561 1896 2662; x_wconf 72' lang='lat' dir='ltr'>fabrum,</span> <span class='ocrx_word' id='word_1_84' title='bbox 1942 2558 2068 2643; x_wconf 85' lang='lat' dir='ltr'>vel</span> <span class='ocrx_word' id='word_1_85' title='bbox 2133 2557 2519 2642; x_wconf 90' lang='lat' dir='ltr'>artificum</span> <span class='ocrx_word' id='word_1_86' title='bbox 2587 2555 3137 2642; x_wconf 73' lang='lat' dir='ltr'>universitates</span> <span class='ocrx_word' id='word_1_87' title='bbox 3214 2565 3350 2641; x_wconf 89' lang='lat' dir='ltr'>aut</span> <span class='ocrx_word' id='word_1_88' title='bbox 3394 2560 3620 2643; x_wconf 86' lang='lat' dir='ltr'>soda-</span> 
     </span>
     <span class='ocr_line' id='line_1_13' title="bbox 958 2716 3620 2827; baseline -0.001 -25"><span class='ocrx_word' id='word_1_89' title='bbox 958 2718 1256 2820; x_wconf 81' lang='lat' dir='ltr'>litateS,</span> <span class='ocrx_word' id='word_1_90' title='bbox 1325 2747 1526 2827; x_wconf 89' lang='lat' dir='ltr'>quae</span> <span class='ocrx_word' id='word_1_91' title='bbox 1594 2716 1895 2802; x_wconf 84' lang='lat' dir='ltr'>adscito</span> <span class='ocrx_word' id='word_1_92' title='bbox 1962 2716 2112 2800; x_wconf 91' lang='lat' dir='ltr'>sibi</span> <span class='ocrx_word' id='word_1_93' title='bbox 2178 2716 2499 2801; x_wconf 86' lang='lat' dir='ltr'>caelesti</span> <span class='ocrx_word' id='word_1_94' title='bbox 2563 2718 2906 2803; x_wconf 91' lang='lat' dir='ltr'>Patrono</span> <span class='ocrx_word' id='word_1_95' title='bbox 2972 2717 3353 2802; x_wconf 80' lang='lat' dir='ltr'>anteactis</span> <span class='ocrx_word' id='word_1_96' title='bbox 3418 2724 3620 2802; x_wconf 89' lang='lat' dir='ltr'>tem-</span> 
     </span>
     <span class='ocr_line' id='line_1_14' title="bbox 957 2876 3622 2989; baseline 0 -27"><span class='ocrx_word' id='word_1_97' title='bbox 957 2878 1277 2989; x_wconf 86' lang='lat' dir='ltr'>poribus</span> <span class='ocrx_word' id='word_1_98' title='bbox 1343 2878 1745 2989; x_wconf 90' lang='lat' dir='ltr'>praeclaro</span> <span class='ocrx_word' id='word_1_99' title='bbox 1814 2879 2135 2962; x_wconf 87' lang='lat' dir='ltr'>fuerunt</span> <span class='ocrx_word' id='word_1_100' title='bbox 2201 2876 2651 2962; x_wconf 89' lang='lat' dir='ltr'>civitatibus</span> <span class='ocrx_word' id='word_1_101' title='bbox 2717 2886 3222 2980; x_wconf 84' lang='lat' dir='ltr'>ornamento,</span> <span class='ocrx_word' id='word_1_102' title='bbox 3290 2886 3370 2964; x_wconf 94' lang='lat' dir='ltr'>et</span> <span class='ocrx_word' id='word_1_103' title='bbox 3435 2879 3622 2963; x_wconf 85' lang='lat' dir='ltr'>arti-</span> 
     </span>
     <span class='ocr_line' id='line_1_15' title="bbox 959 3037 3626 3151; baseline 0 -28"><span class='ocrx_word' id='word_1_104' title='bbox 959 3042 1109 3124; x_wconf 85' lang='lat' dir='ltr'>bus</span> <span class='ocrx_word' id='word_1_105' title='bbox 1177 3040 1339 3125; x_wconf 79' lang='lat' dir='ltr'>sive</span> <span class='ocrx_word' id='word_1_106' title='bbox 1404 3038 1905 3151; x_wconf 75' lang='lat' dir='ltr'>politioribus</span> <span class='ocrx_word' id='word_1_107' title='bbox 2002 3037 2164 3122; x_wconf 83' lang='lat' dir='ltr'>sive</span> <span class='ocrx_word' id='word_1_108' title='bbox 2250 3037 2802 3124; x_wconf 84' lang='lat' dir='ltr'>humilioribus</span> <span class='ocrx_word' id='word_1_109' title='bbox 2867 3038 3374 3124; x_wconf 88' lang='lat' dir='ltr'>incremento.</span> <span class='ocrx_word' id='word_1_110' title='bbox 3456 3041 3626 3124; x_wconf 90' lang='lat' dir='ltr'>Hos</span> 
     </span>
     <span class='ocr_line' id='line_1_16' title="bbox 962 3197 3625 3312; baseline -0 -25"><span class='ocrx_word' id='word_1_111' title='bbox 962 3202 1313 3312; x_wconf 88' lang='lat' dir='ltr'>aliosque</span> <span class='ocrx_word' id='word_1_112' title='bbox 1385 3208 1689 3302; x_wconf 79' lang='lat' dir='ltr'>coetuS,</span> <span class='ocrx_word' id='word_1_113' title='bbox 1759 3228 1853 3284; x_wconf 83' lang='lat' dir='ltr'>ex</span> <span class='ocrx_word' id='word_1_114' title='bbox 1923 3199 2017 3283; x_wconf 91' lang='lat' dir='ltr'>iis</span> <span class='ocrx_word' id='word_1_115' title='bbox 2104 3200 2343 3285; x_wconf 87' lang='lat' dir='ltr'>etiam</span> <span class='ocrx_word' id='word_1_116' title='bbox 2407 3197 2858 3285; x_wconf 90' lang='lat' dir='ltr'>hominibus</span> <span class='ocrx_word' id='word_1_117' title='bbox 2939 3201 3073 3311; x_wconf 91' lang='lat' dir='ltr'>qui</span> <span class='ocrx_word' id='word_1_118' title='bbox 3137 3209 3625 3287; x_wconf 83' lang='lat' dir='ltr'>mercaturae</span> 
     </span>
     <span class='ocr_line' id='line_1_17' title="bbox 964 3361 3628 3478; baseline 0 -27"><span class='ocrx_word' id='word_1_119' title='bbox 964 3365 1307 3478; x_wconf 90' lang='lat' dir='ltr'>negotiis</span> <span class='ocrx_word' id='word_1_120' title='bbox 1370 3363 1496 3450; x_wconf 90' lang='lat' dir='ltr'>vel</span> <span class='ocrx_word' id='word_1_121' title='bbox 1560 3361 2161 3449; x_wconf 89' lang='lat' dir='ltr'>humanioribus</span> <span class='ocrx_word' id='word_1_122' title='bbox 2225 3362 2660 3475; x_wconf 86' lang='lat' dir='ltr'>disciplinis</span> <span class='ocrx_word' id='word_1_123' title='bbox 2725 3392 2898 3451; x_wconf 88' lang='lat' dir='ltr'>sese</span> <span class='ocrx_word' id='word_1_124' title='bbox 2943 3365 3434 3466; x_wconf 87' lang='lat' dir='ltr'>dediderunt,</span> <span class='ocrx_word' id='word_1_125' title='bbox 3479 3365 3628 3451; x_wconf 83' lang='lat' dir='ltr'>itc-</span> 
     </span>
     <span class='ocr_line' id='line_1_18' title="bbox 963 3523 3630 3638; baseline -0 -27"><span class='ocrx_word' id='word_1_126' title='bbox 963 3556 1136 3611; x_wconf 92' lang='lat' dir='ltr'>rum</span> <span class='ocrx_word' id='word_1_127' title='bbox 1212 3524 1735 3626; x_wconf 83' lang='lat' dir='ltr'>excitabunt,</span> <span class='ocrx_word' id='word_1_128' title='bbox 1804 3523 1883 3606; x_wconf 92' lang='lat' dir='ltr'>in</span> <span class='ocrx_word' id='word_1_129' title='bbox 1950 3551 2147 3632; x_wconf 89' lang='lat' dir='ltr'>quos</span> <span class='ocrx_word' id='word_1_130' title='bbox 2232 3523 2384 3633; x_wconf 69' lang='lat' dir='ltr'>qui,</span> <span class='ocrx_word' id='word_1_131' title='bbox 2436 3523 2812 3609; x_wconf 83' lang='lat' dir='ltr'>coiverint</span> <span class='ocrx_word' id='word_1_132' title='bbox 2895 3525 3302 3638; x_wconf 80' lang='lat' dir='ltr'>religionis</span> <span class='ocrx_word' id='word_1_133' title='bbox 3380 3526 3630 3612; x_wconf 86' lang='lat' dir='ltr'>officia</span> 
     </span>
     <span class='ocr_line' id='line_1_19' title="bbox 972 3683 3630 3787; baseline 0 -16"><span class='ocrx_word' id='word_1_134' title='bbox 972 3685 1248 3771; x_wconf 88' lang='lat' dir='ltr'>sedulo</span> <span class='ocrx_word' id='word_1_135' title='bbox 1317 3686 1862 3771; x_wconf 87' lang='lat' dir='ltr'>edocebuntur</span> <span class='ocrx_word' id='word_1_136' title='bbox 1927 3690 2007 3768; x_wconf 88' lang='lat' dir='ltr'>et</span> <span class='ocrx_word' id='word_1_137' title='bbox 2072 3683 2426 3787; x_wconf 91' lang='lat' dir='ltr'>obibunt,</span> <span class='ocrx_word' id='word_1_138' title='bbox 2476 3689 2556 3769; x_wconf 92' lang='lat' dir='ltr'>et</span> <span class='ocrx_word' id='word_1_139' title='bbox 2619 3714 2778 3768; x_wconf 92' lang='lat' dir='ltr'>una</span> <span class='ocrx_word' id='word_1_140' title='bbox 2841 3685 3075 3769; x_wconf 90' lang='lat' dir='ltr'>simul</span> <span class='ocrx_word' id='word_1_141' title='bbox 3117 3686 3197 3770; x_wconf 91' lang='lat' dir='ltr'>in</span> <span class='ocrx_word' id='word_1_142' title='bbox 3265 3685 3630 3771; x_wconf 88' lang='lat' dir='ltr'>humanis</span> 
     </span>
     <span class='ocr_line' id='line_1_20' title="bbox 966 3844 3628 3956; baseline -0 -24"><span class='ocrx_word' id='word_1_143' title='bbox 966 3845 1610 3946; x_wconf 78' lang='lat' dir='ltr'>necessitatibuS,</span> <span class='ocrx_word' id='word_1_144' title='bbox 1682 3873 1875 3954; x_wconf 89' lang='lat' dir='ltr'>quas</span> <span class='ocrx_word' id='word_1_145' title='bbox 1939 3845 2143 3928; x_wconf 87' lang='lat' dir='ltr'>ferre</span> <span class='ocrx_word' id='word_1_146' title='bbox 2209 3851 2346 3928; x_wconf 90' lang='lat' dir='ltr'>aut</span> <span class='ocrx_word' id='word_1_147' title='bbox 2411 3844 2757 3955; x_wconf 86' lang='lat' dir='ltr'>corporis</span> <span class='ocrx_word' id='word_1_148' title='bbox 2822 3844 3236 3956; x_wconf 88' lang='lat' dir='ltr'>aegritudo</span> <span class='ocrx_word' id='word_1_149' title='bbox 3302 3854 3438 3931; x_wconf 87' lang='lat' dir='ltr'>aut</span> <span class='ocrx_word' id='word_1_150' title='bbox 3503 3875 3628 3931; x_wconf 92' lang='lat' dir='ltr'>se-</span> 
     </span>
     <span class='ocr_line' id='line_1_21' title="bbox 971 4005 3634 4116; baseline -0.001 -26"><span class='ocrx_word' id='word_1_151' title='bbox 971 4007 1190 4090; x_wconf 90' lang='lat' dir='ltr'>nium</span> <span class='ocrx_word' id='word_1_152' title='bbox 1255 4012 1392 4089; x_wconf 90' lang='lat' dir='ltr'>aut</span> <span class='ocrx_word' id='word_1_153' title='bbox 1478 4010 1901 4116; x_wconf 87' lang='lat' dir='ltr'>paupertas</span> <span class='ocrx_word' id='word_1_154' title='bbox 1969 4005 2229 4106; x_wconf 86' lang='lat' dir='ltr'>solet,</span> <span class='ocrx_word' id='word_1_155' title='bbox 2298 4013 2575 4091; x_wconf 90' lang='lat' dir='ltr'>mutuo</span> <span class='ocrx_word' id='word_1_156' title='bbox 2642 4005 2791 4090; x_wconf 89' lang='lat' dir='ltr'>sibi</span> <span class='ocrx_word' id='word_1_157' title='bbox 2856 4006 3014 4091; x_wconf 90' lang='lat' dir='ltr'>sint</span> <span class='ocrx_word' id='word_1_158' title='bbox 3101 4006 3413 4092; x_wconf 83' lang='lat' dir='ltr'>auxilio.</span> <span class='ocrx_word' id='word_1_159' title='bbox 3485 4006 3634 4111; x_wconf 85' lang='lat' dir='ltr'>Qui</span> 
     </span>
     <span class='ocr_line' id='line_1_22' title="bbox 969 4165 3635 4277; baseline 0.001 -27"><span class='ocrx_word' id='word_1_160' title='bbox 969 4165 1098 4251; x_wconf 91' lang='lat' dir='ltr'>his</span> <span class='ocrx_word' id='word_1_161' title='bbox 1167 4165 1524 4250; x_wconf 89' lang='lat' dir='ltr'>coetibus</span> <span class='ocrx_word' id='word_1_162' title='bbox 1588 4171 2018 4274; x_wconf 89' lang='lat' dir='ltr'>praesunt,</span> <span class='ocrx_word' id='word_1_163' title='bbox 2085 4165 2359 4250; x_wconf 87' lang='lat' dir='ltr'>sedulo</span> <span class='ocrx_word' id='word_1_164' title='bbox 2425 4165 2990 4277; x_wconf 83' lang='lat' dir='ltr'>advigilabunt,</span> <span class='ocrx_word' id='word_1_165' title='bbox 3057 4175 3147 4252; x_wconf 92' lang='lat' dir='ltr'>ut</span> <span class='ocrx_word' id='word_1_166' title='bbox 3210 4167 3401 4252; x_wconf 90' lang='lat' dir='ltr'>socii</span> <span class='ocrx_word' id='word_1_167' title='bbox 3466 4194 3635 4252; x_wconf 90' lang='lat' dir='ltr'>mo-</span> 
     </span>
     <span class='ocr_line' id='line_1_23' title="bbox 971 4324 3637 4438; baseline 0.001 -27"><span class='ocrx_word' id='word_1_168' title='bbox 971 4355 1154 4411; x_wconf 90' lang='lat' dir='ltr'>rum</span> <span class='ocrx_word' id='word_1_169' title='bbox 1219 4324 1635 4436; x_wconf 76' lang='lat' dir='ltr'>probitate,</span> <span class='ocrx_word' id='word_1_170' title='bbox 1704 4352 2028 4434; x_wconf 91' lang='lat' dir='ltr'>operum</span> <span class='ocrx_word' id='word_1_171' title='bbox 2096 4325 2393 4410; x_wconf 84' lang='lat' dir='ltr'>affabre</span> <span class='ocrx_word' id='word_1_172' title='bbox 2461 4326 3084 4438; x_wconf 86' lang='lat' dir='ltr'>effingendorum</span> <span class='ocrx_word' id='word_1_173' title='bbox 3151 4328 3456 4438; x_wconf 91' lang='lat' dir='ltr'>peritia,</span> <span class='ocrx_word' id='word_1_174' title='bbox 3523 4331 3637 4414; x_wconf 89' lang='lat' dir='ltr'>la-</span> 
     </span>
     <span class='ocr_line' id='line_1_24' title="bbox 968 4485 3634 4576; baseline 0.001 -2"><span class='ocrx_word' id='word_1_175' title='bbox 968 4491 1252 4574; x_wconf 89' lang='lat' dir='ltr'>borum</span> <span class='ocrx_word' id='word_1_176' title='bbox 1314 4488 1818 4571; x_wconf 86' lang='lat' dir='ltr'>ferendorum</span> <span class='ocrx_word' id='word_1_177' title='bbox 1882 4485 2283 4571; x_wconf 85' lang='lat' dir='ltr'>docilitate</span> <span class='ocrx_word' id='word_1_178' title='bbox 2350 4494 2430 4572; x_wconf 89' lang='lat' dir='ltr'>et</span> <span class='ocrx_word' id='word_1_179' title='bbox 2495 4487 2953 4574; x_wconf 86' lang='lat' dir='ltr'>assiduitate</span> <span class='ocrx_word' id='word_1_180' title='bbox 3019 4489 3358 4576; x_wconf 82' lang='lat' dir='ltr'>maxime</span> <span class='ocrx_word' id='word_1_181' title='bbox 3421 4518 3634 4576; x_wconf 87' lang='lat' dir='ltr'>com-</span> 
     </span>
     <span class='ocr_line' id='line_1_25' title="bbox 973 4644 3639 4755; baseline 0 -23"><span class='ocrx_word' id='word_1_182' title='bbox 973 4650 1493 4747; x_wconf 88' lang='lat' dir='ltr'>mendentur,</span> <span class='ocrx_word' id='word_1_183' title='bbox 1560 4672 1715 4754; x_wconf 90' lang='lat' dir='ltr'>quo</span> <span class='ocrx_word' id='word_1_184' title='bbox 1783 4644 2111 4748; x_wconf 84' lang='lat' dir='ltr'>facilius,</span> <span class='ocrx_word' id='word_1_185' title='bbox 2180 4674 2383 4755; x_wconf 88' lang='lat' dir='ltr'>quae</span> <span class='ocrx_word' id='word_1_186' title='bbox 2451 4647 2549 4730; x_wconf 89' lang='lat' dir='ltr'>ad</span> <span class='ocrx_word' id='word_1_187' title='bbox 2611 4647 2854 4732; x_wconf 83' lang='lat' dir='ltr'>vitam</span> <span class='ocrx_word' id='word_1_188' title='bbox 2918 4654 3103 4733; x_wconf 88' lang='lat' dir='ltr'>sunt</span> <span class='ocrx_word' id='word_1_189' title='bbox 3169 4649 3639 4753; x_wconf 89' lang='lat' dir='ltr'>necessaria,</span> 
     </span>
     <span class='ocr_line' id='line_1_26' title="bbox 978 4806 3639 4917; baseline 0.001 -25"><span class='ocrx_word' id='word_1_190' title='bbox 978 4807 1127 4892; x_wconf 94' lang='lat' dir='ltr'>sibi</span> <span class='ocrx_word' id='word_1_191' title='bbox 1191 4834 1467 4917; x_wconf 88' lang='lat' dir='ltr'>parare</span> <span class='ocrx_word' id='word_1_192' title='bbox 1533 4812 1848 4915; x_wconf 90' lang='lat' dir='ltr'>queant.</span> <span class='ocrx_word' id='word_1_193' title='bbox 1918 4806 2085 4890; x_wconf 90' lang='lat' dir='ltr'>Nec</span> <span class='ocrx_word' id='word_1_194' title='bbox 2151 4808 2704 4893; x_wconf 88' lang='lat' dir='ltr'>detrectabunt</span> <span class='ocrx_word' id='word_1_195' title='bbox 2748 4809 2984 4893; x_wconf 87' lang='lat' dir='ltr'>iidem</span> <span class='ocrx_word' id='word_1_196' title='bbox 3029 4808 3446 4896; x_wconf 89' lang='lat' dir='ltr'>Antistites</span> <span class='ocrx_word' id='word_1_197' title='bbox 3488 4809 3639 4896; x_wconf 89' lang='lat' dir='ltr'>hu-</span> 
     </span>
     <span class='ocr_line' id='line_1_27' title="bbox 936 4965 3637 5082; baseline -0 -25"><span class='ocrx_word' id='word_1_198' title='bbox 936 4966 1315 5058; x_wconf 81' lang='lat' dir='ltr'>iusmodi</span> <span class='ocrx_word' id='word_1_199' title='bbox 1380 4965 1890 5053; x_wconf 85' lang='lat' dir='ltr'>societatibus</span> <span class='ocrx_word' id='word_1_200' title='bbox 1957 4967 2442 5079; x_wconf 87' lang='lat' dir='ltr'>advigilare,</span> <span class='ocrx_word' id='word_1_201' title='bbox 2509 4968 2731 5080; x_wconf 90' lang='lat' dir='ltr'>leges</span> <span class='ocrx_word' id='word_1_202' title='bbox 2794 4998 3232 5082; x_wconf 88' lang='lat' dir='ltr'>proponere</span> <span class='ocrx_word' id='word_1_203' title='bbox 3299 4979 3436 5056; x_wconf 90' lang='lat' dir='ltr'>aut</span> <span class='ocrx_word' id='word_1_204' title='bbox 3501 4974 3637 5056; x_wconf 88' lang='lat' dir='ltr'>ad-</span> 
     </span>
     <span class='ocr_line' id='line_1_28' title="bbox 979 5127 3643 5242; baseline 0.002 -30"><span class='ocrx_word' id='word_1_205' title='bbox 979 5130 1310 5239; x_wconf 71' lang='lat' dir='ltr'>probare</span> <span class='ocrx_word' id='word_1_206' title='bbox 1349 5192 1367 5229; x_wconf 96' lang='lat'>,</span> <span class='ocrx_word' id='word_1_207' title='bbox 1434 5127 1772 5238; x_wconf 89' lang='lat' dir='ltr'>gratiam</span> <span class='ocrx_word' id='word_1_208' title='bbox 1838 5127 2167 5213; x_wconf 87' lang='lat' dir='ltr'>divitum</span> <span class='ocrx_word' id='word_1_209' title='bbox 2256 5128 2727 5233; x_wconf 87' lang='lat' dir='ltr'>conciliare,</span> <span class='ocrx_word' id='word_1_210' title='bbox 2795 5130 3227 5242; x_wconf 88' lang='lat' dir='ltr'>patrocinio</span> <span class='ocrx_word' id='word_1_211' title='bbox 3294 5159 3437 5217; x_wconf 89' lang='lat' dir='ltr'>suo</span> <span class='ocrx_word' id='word_1_212' title='bbox 3509 5160 3643 5218; x_wconf 90' lang='lat' dir='ltr'>eas</span> 
     </span>
     <span class='ocr_line' id='line_1_29' title="bbox 983 5286 1952 5398; baseline 0.002 -28"><span class='ocrx_word' id='word_1_213' title='bbox 983 5286 1376 5398; x_wconf 85' lang='lat' dir='ltr'>prosequi,</span> <span class='ocrx_word' id='word_1_214' title='bbox 1447 5314 1593 5398; x_wconf 91' lang='lat' dir='ltr'>ope</span> <span class='ocrx_word' id='word_1_215' title='bbox 1660 5287 1952 5374; x_wconf 89' lang='lat' dir='ltr'>iuvare.</span> 
     </span>
    </p>
   </div>
   <div class='ocr_carea' id='block_1_3' title="bbox 4494 2413 4497 2920">
    <p class='ocr_par' dir='ltr' id='par_1_4' title="bbox 4494 2413 4497 2920">
     <span class='ocr_line' id='line_1_30' title="bbox 4494 2413 4497 2920; baseline 0 0"><span class='ocrx_word' id='word_1_216' title='bbox 4494 2413 4497 2920; x_wconf 95' lang='lat' dir='ltr'> </span> 
     </span>
    </p>
   </div>
  </div>
 </body>
</html>
