4497 6714
3114 861 3259 937 129

757 1040 1078 1124 utilitati
1143 1071 1232 1125 ac
1299 1042 1503 1125 bono
1599 1041 2099 1152 prospiciant.
2201 1043 2414 1126 Dum
2478 1043 2641 1125 Nos
2677 1108 2695 1143 ,
2797 1043 2986 1128 Ven.
3067 1044 3347 1129 Frater
3382 1110 3401 1148 ,

758 1200 1168 1313 egregiam
1234 1205 1689 1287 eorumdem
1733 1202 2105 1288 iuvenum
2171 1203 2657 1288 voluntatem
2713 1210 3039 1313 paterna
3083 1204 3407 1290 caritate

756 1363 1124 1473 omnique
1192 1362 1868 1448 commendatione
1932 1363 2504 1474 prosequimur,
2574 1363 2931 1473 cupimus
2995 1371 3085 1447 ut
3158 1371 3239 1449 te
3283 1364 3404 1448 in-

754 1530 1122 1632 terprete,
1159 1522 1397 1608 iidem
1463 1522 1910 1634 intelligant
1975 1523 2465 1634 gratissimos
2530 1524 2776 1609 Nobis
2842 1551 3114 1608 eorum
3175 1554 3404 1637 prae-

754 1685 1003 1772 claros
1068 1714 1345 1771 sensus
1411 1685 1787 1789 extitisse,
1854 1715 1944 1770 ac
2011 1683 2207 1769 nihil
2273 1686 2438 1770 Nos
2502 1685 2758 1796 magis
2825 1714 3112 1796 cupere
3168 1716 3406 1797 quam

750 1819 851 1931 ut·
902 1846 1050 1958 ipsi
1116 1875 1211 1933 ea
1273 1820 1612 1933 fideliter
1675 1853 1991 1932 servent
2054 1847 2136 1930 in
2203 1847 2489 1957 quibus
2555 1854 2725 1931 tum
2774 1875 3045 1932 eorum
3092 1847 3404 1934 virtutis

749 2009 947 2115 laus,
1011 2019 1182 2095 tum
1248 2010 1697 2121 temporalis
1764 2018 1845 2097 et
1908 2018 2275 2097 aeternae
2343 2038 2615 2096 eorum
2661 2010 3055 2096 felicitatis
3099 2012 3402 2097 fructus

747 2172 1218 2259 continetur.
1285 2171 1355 2255 A
1420 2173 1658 2256 Patre
1705 2178 1970 2256 autem
2017 2171 2750 2275 misericordiarum,
2816 2172 3161 2283 Deipara
3223 2171 3401 2258 Vir-

747 2334 934 2445 gine
1000 2332 1534 2445 deprecatrice
1632 2331 2008 2435 adhibita,
2076 2332 2306 2418 enixe
2404 2334 2855 2444 flagitamus
2952 2340 3040 2418 ut
3128 2362 3402 2419 eorum

745 2499 978 2581 corda
1064 2502 1144 2580 et
1207 2501 1515 2580 mentes
1561 2580 1579 2592 ,
1609 2494 1692 2578 in
1787 2494 2077 2578 sanctis
2157 2494 2507 2606 ipsorum
2599 2494 3016 2605 propositis
3102 2493 3399 2607 iugiter

742 2664 1004 2743 servet
1068 2658 1657 2767 confirmetque,
1733 2663 1970 2767 atque
2049 2656 2237 2767 ipsis
2316 2684 2748 2766 eorumque
2811 2655 3128 2740 familiis
3215 2684 3397 2768 pro-

744 2849 972 2933 spera
1037 2847 1396 2932 quaeque
1465 2826 1545 2906 et
1609 2819 1981 2905 salutaria
2042 2818 2451 2930 largiatur.
2519 2818 2739 2903 Haec
2804 2848 2850 2902 a
2915 2817 3180 2903 divina
3236 2818 3396 2904 cle-

741 2981 1035 3067 mentia
1101 3011 1199 3068 ex
1265 2985 1498 3067 corde
1565 2980 2095 3092 imploranteS,
2163 2979 2696 3092 Apostolicam
2719 2979 3394 3085 Benedictionem,

741 3150 1029 3229 testem
1094 3142 1538 3230 dilectionis
1602 3142 1931 3227 Nostrae
1980 3149 2060 3227 et
2105 3143 2505 3253 auspicem
2552 3141 2899 3227 omnium
2935 3141 3394 3253 gratiarum,

742 3305 885 3392 tibi
924 3372 943 3410 ,
1028 3305 1223 3391 Ven.
1291 3305 1574 3391 Frater
1608 3371 1627 3403 ,
1717 3333 1807 3389 ac
1890 3303 2345 3389 memoratis
2411 3302 2719 3388 dilectis
2784 3301 2964 3388 filiis
3059 3300 3396 3415 singulis

741 3466 1125 3554 universis
1192 3474 1633 3577 cunctoque
1714 3466 1924 3551 clero
2022 3471 2102 3550 et
2195 3464 2559 3550 fidelibus
2638 3464 2923 3575 quibus
2996 3464 3396 3576 praesides

740 3637 1237 3742 peramanter
1302 3628 1382 3713 in
1446 3628 1785 3715 Domino
1850 3626 2366 3738 impertimus.

927 3792 1223 3876 Datum
1252 3791 1551 3876 Romae
1598 3791 1806 3899 apud
1850 3787 1924 3876 S.
1971 3789 2303 3873 Petriml
2349 3786 2475 3872 die
2510 3787 2567 3869 4
2604 3783 3086 3897 Septembris
3128 3784 3391 3889 1884,

740 3948 1254 4038 Pontificatus
1319 3949 1585 4037 Nostri
1650 3977 1853 4035 anno
1918 3947 2279 4060 septimo.

1701 4270 1905 4355 LEO
1970 4271 2130 4354 ΡΡ.
2199 4271 2425 4353 XIII.
