4497 6714
3187 824 3288 901 33

792 963 1009 1086 filiali
1053 1004 1456 1113 obsequio,
1503 1008 1714 1114 quod
1758 1033 1949 1115 erga
1992 1006 2155 1091 Nos
2200 1012 2281 1090 et
2323 1002 2528 1089 hanc
2570 1002 3104 1114 Apostolicam
3156 1002 3441 1090 Sedem

789 1132 1286 1273 profitemini,
1353 1164 1690 1250 fideliter
1753 1164 2257 1251 inhaerentes
2322 1163 2836 1266 documentiS,
2883 1191 3085 1272 quae
3128 1164 3225 1246 ab
3270 1160 3441 1272 ipsa

786 1326 1226 1426 traduntur,
1294 1323 1530 1410 utiles
1596 1353 1686 1410 ac
1730 1325 2114 1411 salutares
2157 1328 2483 1429 fructuS,
2530 1323 2610 1407 in
2676 1350 2770 1408 eo
2836 1350 3109 1433 campo
3151 1321 3234 1406 in
3279 1349 3437 1433 quo

785 1483 1227 1587 versamini,
1301 1484 1669 1595 religioni
1733 1491 1814 1569 et
1866 1485 2164 1595 patriae
2229 1484 2565 1570 feliciter
2629 1484 3025 1568 allaturos,
3096 1483 3432 1568 Gratum

782 1670 1012 1754 porro
1076 1643 1324 1729 Nobis
1389 1643 1561 1748 erit,
1628 1643 1920 1730 Dilecti
1962 1644 2171 1747 Filii,
2240 1673 2335 1731 ea
2399 1672 2601 1754 quae
2665 1643 2911 1729 Nobis
2974 1646 3073 1729 de
3136 1644 3435 1730 studio-

783 1831 996 1885 rum.
1024 1810 1465 1890 vestrorum
1540 1803 1940 1889 laboribus
2030 1803 2449 1907 obtulistis,
2534 1802 3178 1915 occupationibus
3259 1832 3436 1887 mu-

783 1962 994 2049 neris
1059 1963 1325 2049 Nostri
1371 1965 1925 2069 annuentibUS,
1970 1993 2199 2075 posse
2244 1965 2627 2071 delibare;
2695 1994 2786 2049 ac
2830 1964 3132 2051 interea
3175 1965 3435 2050 Deum

785 2124 1015 2209 enixe
1080 2126 1593 2234 adprecantes
1662 2131 1747 2209 ut
1809 2153 1947 2210 vos
2035 2154 2176 2208 sua
2263 2125 2439 2210 luce
2526 2123 2838 2235 dirigat,
2918 2151 3010 2208 ac
3073 2129 3436 2210 strenuos

783 2283 1083 2395 gloriae
1148 2312 1337 2369 suae
1404 2291 1484 2370 et
1546 2284 1952 2396 religionis
2017 2313 2107 2369 ac
2182 2284 2536 2371 veritatis
2621 2289 3062 2371 adsertores
3128 2284 3434 2389 efficiat,

784 2452 1191 2557 paternam
1255 2445 1626 2531 Nostram
1690 2444 2193 2531 dilectionem
2277 2445 2499 2561 vobis
2579 2452 2985 2547 testamur,
3052 2451 3290 2555 atque
3354 2445 3436 2530 in

785 2604 955 2690 eius
1017 2604 1309 2717 pignus
1373 2612 1454 2692 et
1516 2605 1599 2689 in
1663 2604 2097 2715 auspicium
2175 2604 2634 2691 caelestium
2721 2603 3157 2716 gratiarum
3219 2603 3431 2717 Apo-

785 2764 1141 2850 stolicam
1207 2764 1859 2852 Benedictionem
1900 2766 2121 2853 vobis
2176 2766 2512 2878 singulis
2577 2765 2962 2852 universis
3024 2794 3436 2879 peraman-

785 2933 907 3011 ter
969 2925 1049 3009 in
1114 2924 1452 3012 Domino
1517 2925 2034 3037 impertimus.
2527 2914 2534 2917 ’

971 3087 1268 3171 Datum
1329 3088 1633 3173 Romae
1697 3091 1904 3198 apud
1968 3085 2044 3173 S.
2111 3088 2441 3173 Petrum
2505 3085 2631 3172 die
2695 3085 2810 3172 20
2854 3084 3117 3171 Martii
3171 3086 3432 3191 1884,

783 3245 1297 3332 Pontificatus
1359 3245 1627 3332 Nostri
1692 3275 1896 3333 anno
1961 3245 2321 3359 septimo.

1745 3569 1947 3653 LEO
2010 3571 2172 3653 ΡΡ.
2240 3570 2468 3653 XIII.
