4497 6714
1169 745 1270 820 52

1020 924 1219 1010 nihil
1283 933 1371 1011 ut
1434 929 1839 1014 Ecclesiae
1906 929 2455 1041 magisterium
2500 931 2698 1015 nihil
2742 934 3166 1018 auctoritas
3210 933 3290 1017 in
3359 933 3674 1019 civitate

1019 1088 1293 1197 possit:
1361 1090 1459 1173 ob
1527 1117 1859 1199 eamque
1924 1119 2285 1175 caussam
2336 1090 2578 1202 vulgo
2623 1093 3079 1203 praedicant
3145 1101 3225 1179 et
3290 1100 3675 1204 pugnant,

1022 1281 1190 1338 rem
1234 1283 1535 1339 sacram
1578 1283 1905 1364 remque
1952 1255 2264 1340 civilem
2310 1284 2482 1341 esse
2527 1256 2842 1367 penitus
2887 1256 3457 1342 distrahendas,
3509 1255 3678 1360 Quo

1022 1415 1229 1499 facto
1277 1414 1873 1499 saluberrimam
1915 1415 2323 1526 religionis
2359 1414 2792 1502 catholicae
2827 1416 3203 1502 virtutem
3247 1446 3293 1500 a
3335 1416 3672 1527 legibus,

1026 1576 1122 1658 ab
1177 1574 1847 1662 administratione
1893 1575 2375 1686 reipublicae
2421 1576 2883 1661 excludunt:
2931 1576 3283 1686 illudque
3332 1584 3453 1661 est
3501 1605 3686 1661 con-

1028 1762 1390 1844 sequens,
1458 1743 1547 1820 ut
1612 1743 1924 1846 praeter
1987 1737 2354 1822 instituta
2412 1768 2503 1823 ac
2546 1746 2967 1850 praecepta
3031 1738 3437 1824 Ecclesiae
3481 1744 3687 1822 totas

1030 1895 1617 1981 constituendas
1700 1904 1982 2008 putent
2064 1897 2446 1983 civitates,
2519 1946 2639 1962 —
2707 1899 2875 1984 Nec
2938 1927 3125 1984 vero
3192 1926 3349 1983 non
3417 1926 3688 1982 curare

1031 2055 1496 2159 Ecclesiam,
1565 2057 1941 2167 optimam
2006 2060 2315 2162 ducem,
2401 2058 2592 2143 satis
2672 2058 2994 2163 habent,
3070 2059 3220 2144 nisi
3299 2058 3695 2144 hostiliter

1035 2216 1392 2301 faciendo
1458 2217 1853 2303 laeserint.
1900 2220 2006 2302 Et
2071 2248 2258 2304 sane
2304 2220 2816 2304 fundamenta
2880 2219 3050 2330 ipsa
3112 2218 3522 2330 religionis
3567 2248 3695 2302 ca-

1040 2374 1384 2463 tholicae
1449 2377 1736 2462 adoriri
1802 2379 2060 2481 fando,
2129 2378 2568 2482 scribendo,
2636 2381 3012 2481 docendo,
3081 2380 3402 2491 impune
3477 2380 3695 2464 licet:

1037 2565 1196 2622 non
1262 2537 1564 2623 iuribus
1628 2539 2033 2625 Ecclesiae
2098 2540 2470 2650 parcitur,
2556 2570 2714 2626 non
2787 2569 3137 2643 munera,
3229 2540 3514 2650 quibus
3580 2547 3699 2625 est

1039 2697 1414 2783 divinitus
1489 2705 1744 2803 aucta,
1838 2701 2052 2786 salva
2139 2708 2344 2786 sunt.
2426 2702 2938 2813 Agendarum
3022 2732 3285 2789 rerum
3368 2701 3700 2785 facultas

1043 2886 1279 2967 quam
1344 2859 1667 2944 minima
1710 2860 1825 2944 illi
1869 2862 2365 2971 relinquitur,
2411 2862 2647 2973 idque
2693 2862 3008 2973 legibus
3072 2862 3335 2973 specie
3383 2862 3702 2972 quidem

1043 3048 1202 3105 non
1266 3021 1501 3106 nimis
1567 3022 1725 3107 vim
1792 3023 2337 3128 inferentibUS,
2405 3054 2490 3111 re
2554 3053 2740 3109 vera
2805 3023 3008 3108 natis
3062 3023 3265 3133 aptis
3312 3025 3411 3107 ad
3455 3022 3701 3132 impe-

1044 3183 1409 3269 diendam
1475 3185 1951 3271 libertatem.
2022 3188 2228 3271 Item
2293 3185 2698 3297 impositas
2765 3185 2993 3272 Olero
3060 3184 3417 3270 videmus
3481 3184 3706 3295 leges

1046 3345 1491 3459 singulares
1557 3355 1639 3435 et
1705 3378 2013 3459 graveS,
2082 3348 2422 3434 multum
2485 3354 2575 3433 ut
2641 3347 2713 3433 ei
2778 3349 2875 3434 de
2942 3375 3293 3450 numero,
3370 3346 3707 3430 multum

1046 3511 1145 3593 de
1208 3509 1448 3592 rebus
1511 3507 1976 3594 necessariis
2040 3508 2122 3593 in
2186 3508 2355 3593 dies
2422 3509 2804 3593 decedat:
2870 3507 3244 3617 reliquias
3318 3509 3706 3592 bonorum

1048 3668 1451 3754 Ecclesiae
1516 3668 1876 3752 maximis
1941 3668 2356 3753 adstrictas
2398 3668 2756 3770 vinculis,
2823 3667 3196 3779 potestati
3263 3674 3344 3752 et
3387 3666 3708 3751 arbitrio

1049 3829 1768 3916 administratorum
1817 3829 2298 3941 reipublicae
2345 3830 2802 3941 permissas:
2848 3827 3304 3913 sodalitates
3348 3827 3712 3913 ordinum

1050 3988 1604 4099 religiosorum
1678 3989 2050 4092 sublatas,
2142 3987 2580 4100 dissipatas
2650 4039 2767 4050 —
2834 3985 2941 4071 At
3005 4015 3190 4072 vero
3267 3986 3349 4070 in
3428 3987 3712 4073 Sedem

1055 4145 1593 4258 Apostolicam
1637 4175 2206 4257 romanumque
2255 4146 2720 4232 Pontificem
2764 4146 3003 4258 longe
3053 4153 3173 4231 est
3217 4145 3713 4230 inimicorum

1052 4308 1379 4394 incitata
1457 4309 1878 4395 contentio.
1966 4310 2047 4393 Is
2133 4309 2453 4419 quidem
2538 4308 2880 4418 primum
2958 4307 3162 4392 fictis
3239 4309 3336 4393 de
3417 4305 3715 4391 caussis

1061 4469 1523 4554 deturbatus
1590 4465 1722 4554 est*
1773 4469 2369 4580 propugnaculo
2434 4468 2820 4553 libertatis
2884 4467 3234 4577 iurisque
3300 4466 3445 4570 sui,
3501 4465 3716 4576 prin-

1063 4628 1327 4738 cipatu
1391 4628 1645 4713 civili:
1725 4657 1910 4714 mox
1987 4629 2069 4712 in
2146 4636 2442 4713 statum
2524 4628 2974 4738 compulsus
3047 4627 3407 4735 iniquum
3483 4625 3717 4710 simul
3807 4623 3812 4628 ’

1061 4796 1142 4877 et
1206 4790 1536 4876 obiectis
1598 4790 1948 4900 undique
2016 4789 2610 4874 difficultatibus
2654 4787 3267 4873 intolerabilem:
3327 4789 3578 4871 donec
3621 4788 3721 4870 ad

1063 4951 1263 5037 haec
1328 4959 1685 5062 tempora
1749 4960 2216 5062 perventum
2297 4961 2440 5056 est,
2523 4952 2808 5062 quibus
2873 4959 3268 5036 sectarum
3349 4952 3719 5054 fautoreS,

1065 5116 1278 5223 quod
1341 5114 1796 5200 abscondite
1861 5143 2132 5200 secum
2199 5114 2594 5225 agitarant
2658 5114 2817 5217 diu,
2884 5121 3153 5225 aperte
3220 5112 3721 5216 denunciant,

1069 5302 1373 5358 sacram
1436 5273 1865 5359 tollendam
1929 5272 2403 5357 Pontificum
2469 5278 2966 5383 potestatem,
3004 5270 3419 5382 ipsumque
3463 5270 3725 5355 divino
