4497 6714
3142 815 3298 888 209

960 991 1180 1053 nensis
1231 992 1295 1053 in
1345 991 1728 1054 Foede-ratis
1781 991 2123 1053 Americae
2171 989 2715 1073 Septentrionalis
2751 988 3127 1053 Ditionibus
3176 1010 3284 1074 po-

957 1116 1124 1181 situs
1167 1118 1236 1181 in
1283 1117 1655 1182 Dioecesim
1704 1118 1976 1201 erigitur
2012 1166 3025 1184 ..........
3120 1116 3286 1182 PAG.

777 1370 1077 1455 Epistola
1129 1397 1158 1428 α
1197 1371 1444 1434 Alanus
1491 1370 1662 1455 quod
1709 1369 1911 1434 Nobis
1950 1398 1979 1429 »
2048 1369 2153 1433 die
2215 1371 2303 1432 20
2358 1368 2577 1431 Martii
2633 1366 2718 1431 ad
2781 1366 2885 1431 Ul.
2936 1365 3288 1432 Ohevalier

954 1496 1246 1582 aliosque
1305 1494 1703 1560 Redactores
1782 1495 2203 1580 scriptionum
2290 1516 2459 1580 quae
2537 1492 2659 1557 sub
2735 1492 2922 1557 titulo
2996 1493 3286 1559 Bulletin

952 1621 1311 1686 d'Histoire
1377 1619 1879 1705 Ecclaeisiastique
1948 1629 2007 1683 et
2074 1617 2569 1705 d'Archcoloqie
2637 1617 2867 1682 Sacrae
2935 1621 3002 1682 in
3070 1618 3285 1684 lucem

952 1747 1259 1813 eduntur.
1312 1786 1393 1795 —-
1442 1747 1795 1831 Pergratas
1842 1744 1928 1811 Se
1988 1745 2234 1811 habere
2297 1744 2649 1829 respondet
2717 1745 2980 1810 sedulas
3051 1768 3281 1830 curas,

953 1895 1118 1960 quas
1165 1872 1252 1937 ad
1297 1894 1497 1937 sanae
1543 1871 1879 1936 doctrinae
1928 1870 2244 1956 pabulum
2290 1871 2792 1956 propagandum
2855 1878 2922 1935 et
2979 1871 3065 1936 ad
3111 1894 3283 1937 men·

949 1997 1140 2063 dacia
1182 1997 1531 2063 infidorum
1586 1999 2018 2082 scriptorum,
2081 1997 2409 2081 germanis
2471 1995 2777 2061 historiae
2824 1999 3279 2080 monumentis,

948 2123 1308 2190 refellenda
1355 2123 1655 2189 sollerter
1699 2122 2105 2208 impendunt.
2159 2161 2238 2169 —
2291 2121 2598 2188 Stimulos
2645 2120 2831 2187 addit
2890 2131 2964 2186 ut
3023 2130 3282 2207 partam

946 2252 1077 2317 iam
1121 2249 1387 2316 laudem
1431 2252 1497 2315 in
1544 2249 1684 2315 dies
1732 2272 1973 2335 augere
2021 2248 2333 2314 studeant
2355 2295 3144 2314 ........
3242 2276 3274 2309 »

767 2503 1098 2569 Allocutio
1152 2531 1185 2564 ‹<
1222 2502 1379 2567 Post
1424 2504 1729 2566 excitatos
1775 2502 2160 2567 seditionum
2189 2502 2438 2588 fluctus
2475 2528 2507 2560 »
2557 2500 2783 2565 habita
2827 2500 2934 2566 die
2980 2501 3065 2565 24
3111 2500 3282 2565 Mar--

945 2632 1039 2695 tii.
1079 2668 1159 2677 —
1192 2628 1297 2693 De
1331 2628 1692 2693 rationibus
1740 2628 2080 2692 Ecclesiae
2113 2627 2523 2713 Romanique
2554 2626 2983 2692 Pontificatus
3016 2626 3281 2693 tuendis

944 2758 1136 2824 valde
1186 2759 1500 2824 sollicitus
1548 2758 1763 2823 denuo
1819 2756 2145 2843 improbat
2204 2756 2605 2843 damnatque
2667 2757 3128 2843 quodcumque
3177 2766 3278 2821 est

943 2906 1097 2949 cum
1146 2882 1565 2968 Apostolicae
1627 2881 1814 2947 Sedis
1863 2882 2099 2945 iniuria
2156 2883 2225 2946 in
2287 2880 2471 2945 Urbe
2532 2891 2791 2965 actumr,
2852 2882 3145 2968 itemque
3192 2891 3279 2947 te·

945 3018 1163 3074 statur
1211 3010 1427 3073 omnia
1472 3006 1558 3072 Se
1607 3010 1752 3071 iura
1799 3007 1940 3072 eius
1988 3028 2074 3070 ex
2121 3006 2376 3091 integro
2427 3015 2495 3071 et
2537 3007 2605 3070 in
2650 3017 3045 3092 perpetuum
3092 3006 3281 3073 salva

942 3133 1132 3199 velle.
1189 3173 1260 3184 —
1316 3131 1632 3198 Declarat
1676 3134 1742 3197 in
1791 3131 1966 3197 civili
1999 3132 2442 3197 Romanorum
2473 3132 2867 3198 Pontificum
2903 3133 3278 3217 principatu

944 3283 1247 3325 securam
1293 3270 1360 3326 et
1404 3258 1704 3324 stabilem
1752 3259 2072 3323 contineri
2106 3258 2526 3345 Apostolicae
2574 3257 2765 3326 Sedis
2796 3259 2863 3321 in
2904 3259 3274 3324 exercendo

947 3400 1226 3474 augusto
1292 3391 1710 3477 maximoque
1769 3412 2039 3455 munere
2101 3389 2492 3456 libertatem.
2543 3428 2625 3438 —
2674 3391 2884 3455 Facta
2939 3402 3274 3476 recenset,

945 3538 1115 3602 quae
1165 3515 1506 3581 evidenter
1552 3515 1907 3581 ostendunt
1953 3515 2325 3599 PontificeS,
2376 3517 2614 3581 amisso
2661 3516 2933 3601 imperio
2981 3516 3178 3600 civili,
3211 3519 3280 3583 in

941 3640 1449 3707 deminutionem
1517 3642 1854 3706 incurrere
1914 3641 2259 3707 libertatis.
2311 3681 2394 3691 —
2442 3642 2546 3706 De
2603 3642 2993 3726 patrimonio
3018 3692 3036 3725 ,
3102 3643 3280 3728 quod

940 3762 1334 3850 Apostolica
1402 3765 1608 3830 Sedes
1670 3766 2021 3831 christiano
2087 3767 2331 3831 nomini
2401 3765 2824 3852 propagando
2886 3766 3270 3849 addixerat,

936 3893 1313 3977 nuperrime
1360 3892 1601 3956 violato
1648 3893 2068 3977 peculiariter
2109 3892 2306 3957 dolet.
2351 3930 2420 3940 -—
2460 3891 2830 3956 Acerbiora
2875 3894 3274 3977 praesentit,

942 4016 1077 4099 sed,
1127 4039 1241 4103 spe
1286 4017 1353 4080 iu
1400 4017 1566 4098 De0,
1615 4019 1966 4103 aequitatis
2029 4027 2096 4082 et
2152 4018 2443 4083 iustitiae
2504 4017 2785 4100 vindice,
2839 4017 3118 4084 firmiter
3162 4040 3274 4104 po-

942 4142 1086 4224 sita,
1137 4151 1406 4207 revocat
1450 4145 1742 4207 animum
1802 4142 1888 4207 ad
1948 4141 2077 4207 alia
2139 4165 2311 4228 quae
2380 4164 2534 4208 cum
2592 4141 2936 4208 Ecclesiae
2994 4142 3281 4209 utilitate

940 4265 1353 4351 colligantur.
1405 4305 1487 4315 —
1537 4267 1872 4331 Romanae
1936 4288 2270 4352 purpurae
2333 4266 2652 4332 honorem
2721 4266 2935 4332 defert
2994 4266 3275 4354 Iosepho

938 4388 1327 4455 Sebastiano
1375 4391 1543 4456 Neto
1590 4373 2020 4457 Patriarchae
2054 4391 2444 4457 Lisbonensi
2478 4401 2546 4486 et
2576 4390 2904 4457 Gulielmo
2953 4391 3279 4458 Sanfelice

939 4515 1457 4602 Archiepiscopo
1534 4517 1971 4603 Neapolitano
1996 4568 2012 4600 ,
2084 4539 2446 4605 eorumque
2510 4519 2748 4583 merita
2811 4518 3107 4585 breviter
3182 4529 3277 4586 at-

941 4644 1561 4729 tingit...·
1575 4693 3152 4714 ...............
3247 4674 3281 4708 »

765 4892 1067 4979 Epistola
1119 4921 1149 4952 «
1194 4893 1411 4968 Quum
1476 4917 1875 4982 summopere
1911 4925 1943 4955 »
1995 4895 2101 4961 die
2147 4895 2233 4960 26
2281 4895 2503 4961 Martii
2536 4895 2624 4960 ad
2684 4894 3278 4982 Archiepiscopum

938 5018 1362 5105 Aquilanum.
1421 5058 1491 5068 —
1547 5019 1860 5087 Libenter
1906 5021 2228 5106 comperit
2260 5044 2339 5086 ea
2375 5043 2546 5108 quae
2578 5022 2646 5086 in
2680 5020 3044 5088 Seminario
3078 5025 3280 5110 Aqui-

938 5141 1085 5206 lano
1131 5151 1319 5226 gesta
1368 5151 1539 5226 sunt,
1590 5152 1682 5230 ut,
1739 5145 2011 5228 auspice
2044 5144 2188 5209 Deo
2236 5148 2514 5232 eiusque
2561 5167 2684 5231 ope
2716 5147 3042 5233 invocata,
3084 5147 3275 5214 sedes

942 5276 1157 5334 terrae
1204 5269 1600 5335 tremoribus
1671 5280 1737 5335 et
1806 5269 2287 5336 vibrationibus
2341 5271 2801 5356 dignoscendis
2863 5274 3165 5339 instituta
3210 5283 3278 5339 et

939 5397 1325 5481 opportunis
1373 5387 1824 5462 instrumentis
1885 5399 2137 5461 munita
2184 5396 2622 5463 dedicaretur.
2652 5435 2733 5445 —
2769 5397 2984 5463 Curas
3019 5398 3273 5483 probat,

3082 5508 3136 5549 14

3378 1116 3464 1180 29
