4497 6714
3175 806 3275 884 53

780 986 948 1072 iure
1035 987 1486 1073 institutum
1567 989 1920 1074 funditus
1998 990 2422 1075 delendum
2505 990 3085 1075 Pontificatum.
3177 988 3429 1093 Quam

772 1177 965 1253 rem,
1032 1148 1100 1234 si
1165 1156 1429 1236 cetera
1492 1152 1882 1253 deessent,
1950 1150 2139 1235 satis
2204 1150 2498 1236 indicat
2561 1149 2975 1236 hominum
3040 1149 3176 1260 qui
3241 1178 3428 1235 con-

776 1311 916 1396 scii
980 1318 1165 1396 sunt
1228 1311 1791 1414 testimonium,
1862 1340 2197 1421 quorum
2262 1312 2618 1423 plerique
2687 1341 2867 1396 cum
2932 1342 3166 1423 saepe
3213 1312 3428 1412 aliaS‚

772 1478 946 1554 tum
1008 1472 1309 1557 recenti
1372 1472 1755 1557 memoria
1818 1503 2088 1558 rursus
2152 1472 2306 1558 hoc
2373 1476 2828 1558 Massonum
2902 1502 3177 1559 verum
3257 1502 3430 1560 esse

773 1633 1292 1736 declararunt,
1359 1633 1561 1719 velle
1609 1661 1742 1719 eos
1789 1635 2126 1720 maxime
2194 1663 2564 1720 exercere
2625 1633 3103 1720 catholicum
3144 1661 3434 1719 nomen

774 1795 1402 1905 implacabilibus
1469 1797 1920 1900 inimicitiis,
1967 1828 2113 1884 nec
2159 1806 2341 1884 ante
2410 1798 2840 1908 quietur08‚
2891 1825 3127 1906 quam
3172 1796 3434 1881 excisa

773 1956 1035 2039 omnia
1098 1956 1460 2057 viderint,
1540 1985 2086 2068 quaecumque
2174 1958 2461 2043 summi
2527 1958 2951 2043 Pontifices
3027 1954 3433 2067 religionis

775 2144 1049 2200 caussa
1112 2116 1660 2201 instituissent.
1729 2166 1852 2180 —
1920 2117 2146 2221 Quod
2211 2118 2300 2220 si,
2370 2117 2505 2227 qui
2563 2117 3115 2201 adscribuntur
3159 2115 3240 2198 in
3284 2143 3432 2199 nu-

771 2305 1101 2381 merum,
1170 2305 1672 2386 nequaquam
1738 2277 2044 2363 eiurare
2111 2278 2511 2389 conceptis
2564 2277 2825 2363 verbis
2879 2276 3238 2361 instituta
3303 2304 3433 2360 ca-

772 2437 1066 2523 tholica
1130 2439 1526 2543 iubentur,
1595 2440 1675 2524 id
1739 2469 1927 2525 sane
1995 2447 2306 2525 tantum
2351 2443 2597 2545 abest,
2666 2449 2756 2524 ut
2823 2439 3168 2525 consiliis
3224 2440 3433 2523 Mas-

772 2627 1053 2684 sonum
1148 2607 1544 2711 repugnet
1591 2667 1609 2703 ,
1709 2608 1797 2685 ut
1893 2600 2156 2712 potius
2254 2599 2666 2685 adserviat.
2766 2598 3124 2682 Primum
3220 2597 3430 2682 enim

772 2759 1169 2870 simplices
1235 2768 1315 2845 et
1380 2760 1736 2845 incautos
1799 2760 2028 2846 facile
2095 2760 2500 2871 decipiunt
2573 2757 2724 2843 hac
2797 2758 2946 2858 via,
3022 2757 3430 2866 multoque

770 2919 1130 3030 pluribus
1195 2920 1707 3005 invitamenta
1771 2921 2176 3030 praebent.
2246 2922 2442 3004 Tum
2513 2947 2698 3005 vero
2775 2918 3024 3004 obviis
3103 2917 3428 3027 quibus-

768 3079 964 3164 libet
1031 3109 1127 3165 ex
1195 3080 1469 3190 quovis
1532 3080 1940 3191 religionis
2004 3081 2163 3165 ritu
2208 3080 2707 3192 accipiendiS‚
2776 3078 2927 3164 hoc
2993 3106 3428 3188 assequun-

774 3247 928 3342 tur,
994 3248 1084 3325 ut
1147 3270 1233 3327 re
1300 3241 1468 3351 ipsa
1532 3243 1914 3326 suadeant
1978 3271 2358 3353 magnum
2442 3242 2665 3326 illum
2751 3239 2989 3324 huius
3053 3238 3429 3349 temporis

770 3429 1139 3504 errorem,
1205 3403 1613 3514 religionis
1659 3433 1926 3488 curam
1970 3404 2313 3514 relinqui
2360 3411 2722 3516 oportere
2788 3404 2864 3487 in
2932 3402 3239 3507 mediis,
3283 3429 3431 3487 nec

778 3564 1028 3648 ullum
1096 3593 1268 3651 esse
1343 3565 1550 3650 inter
1635 3594 1931 3676 genera
2013 3565 2458 3652 discrimen.
2548 3564 2763 3669 Quae
2850 3563 3169 3673 quidem
3234 3563 3432 3648 ratio

781 3733 1228 3834 comparata
1304 3727 1405 3808 ad
1478 3725 1884 3810 interitum
1960 3733 2080 3811 est
2157 3725 2636 3836 religionum
2702 3724 3053 3809 omnium
3079 3789 3098 3827 ‚
3181 3722 3432 3809 nomi-

778 3883 1024 3968 natim
1091 3888 1188 3969 ad
1256 3884 1713 3988 catholicae,
1783 3916 1982 3997 quae
2028 3916 2210 3971 cum
2274 3917 2431 3971 una
2497 3915 2595 3972 ex
2659 3887 3021 3972 omnibus
3078 3916 3264 3972 vera
3306 3887 3432 3990 sit,

781 4045 1202 4155 exaequari
1270 4076 1448 4131 cum
1514 4047 1796 4132 ceteris
1861 4048 2027 4133 sine
2094 4048 2379 4133 iniuria
2445 4077 2752 4132 summa
2815 4075 2972 4132 non
3033 4055 3318 4158 potest.

888 4279 901 4289 .
963 4205 1118 4292 Sed
1182 4206 1498 4316 longius
1563 4208 2093 4295 Naturalistae
2168 4210 2804 4320 progrediuntur.
2891 4210 2986 4292 In
3071 4208 3432 4293 maximis

777 4366 989 4452 enim
1053 4368 1291 4452 rebus
1358 4375 1521 4453 tota
1587 4398 1847 4456 errare
1929 4371 2055 4456 via
2136 4374 2511 4456 audacter
2583 4369 2945 4481 ingressi,
3022 4368 3434 4480 praecipiti

779 4557 1016 4613 cursu
1080 4532 1178 4613 ad
1243 4537 1595 4614 extrema
1661 4530 2157 4634 delabuntur,
2226 4533 2389 4618 sive
2457 4530 2848 4616 humanae
2894 4530 3435 4616 imbecillitate

780 4695 1133 4792 naturae,
1202 4689 1365 4775 slve
1434 4690 1757 4776 consilio
1823 4691 2071 4777 iustas
2137 4692 2553 4803 superbiae
2640 4720 2933 4802 poenas
3006 4691 3438 4802 repetentis

780 4848 955 4935 Dei.
1025 4851 1149 4934 Ita
1213 4851 1323 4954 fit,
1391 4858 1480 4934 ut
1547 4851 1701 4935 illis
1765 4880 1865 4937 ne
1933 4880 2027 4936 ea
2091 4852 2411 4962 quidem
2477 4860 2692 4938 certa
2757 4860 2837 4937 et
2901 4853 3053 4936 fixa
3125 4881 3434 4962 perma-

779 5016 1041 5113 neant,
1110 5038 1312 5119 quae
1378 5012 1717 5095 naturali
1783 5013 2080 5099 lumine
2146 5013 2470 5099 rationis
2534 5012 3139 5124 perspiciuntur,
3178 5012 3440 5122 qualia

782 5169 1135 5277 profecto
1200 5168 1338 5253 illa
1403 5176 1609 5272 sunt,
1678 5170 1940 5255 Deum
2006 5199 2203 5275 esse,
2273 5171 2574 5257 animos
2628 5171 3041 5257 hominum
3084 5175 3181 5257 ab
3228 5172 3441 5258 omni

788 5357 959 5415 esse
1025 5328 1401 5415 materiae
1469 5331 1969 5418 concretione
2035 5341 2524 5444 segregatOS‚
2579 5337 3055 5444 eosdemque
3121 5334 3440 5420 immor-
