4497 6714
1187 760 1287 837 56

1035 950 1158 1030 tes
1202 946 1459 1031 facere
1502 944 1813 1030 rationi.
1859 946 1951 1028 In
2000 973 2154 1055 quo
2200 945 2628 1031 certamine
2673 943 3185 1056 despicientia
3228 942 3683 1054 saepissime

1036 1104 1480 1191 adhibenda
1546 1111 1667 1192 est
1728 1134 1995 1191 rerum
2058 1104 2608 1209 humanarum,
2651 1105 3129 1215 maximique
3176 1082 3690 1191 exhauriendi

1035 1266 1345 1352 labores
1409 1295 1501 1351 ac
1567 1266 1998 1369 molestiae,
2038 1295 2194 1376 quo
2239 1297 2471 1351 suum
2515 1269 2825 1379 semper
2867 1275 3134 1353 teneat
3179 1267 3377 1352 ratio
3413 1266 3694 1352 victrix

1035 1427 1583 1539 principatum.
1650 1429 1946 1514 Verum
2012 1428 2542 1514 Naturalistae
2588 1437 2668 1514 et
2713 1431 3139 1531 MassoneS,
3209 1429 3424 1513 nulla
3468 1428 3693 1513 adhi-

1035 1588 1203 1673 bita
1265 1589 1361 1673 iis
1424 1590 1663 1673 rebus
1750 1589 1926 1690 fide,
2017 1617 2211 1698 quas
2294 1591 2465 1676 Deo
2544 1597 2865 1676 auctore
2954 1590 3490 1701 cognovimuS,
3557 1619 3695 1699 pa-

1039 1756 1345 1836 rentem
1409 1748 1727 1859 generis
1791 1747 2119 1834 humani
2193 1757 2492 1861 negant
2571 1750 3047 1860 deliquisse:
3122 1758 3696 1861 proptereaque

1040 1911 1380 1997 liberum
1445 1909 1856 1994 arbitrium
1921 1908 2118 1994 nihil
2205 1915 2486 1998 viribus
2549 1919 3006 1998 (attenuatum
3081 1920 3152 1999 ct
3208 1905 3697 1998 inclinatum¹

1042 2078 1346 2184 putant.
1442 2070 1648 2174 Quin
1740 2071 1980 2156 immo
2080 2080 2659 2182 exaggerantes
2747 2079 3070 2157 naturae
3166 2072 3541 2157 virtutem
3624 2078 3703 2156 et

1045 2234 1619 2336 excellentiam,
1709 2233 1789 2317 in
1878 2262 2127 2343 eaque
2193 2232 2668 2344 principium
2760 2240 2840 2318 et
2919 2261 3275 2318 normam
3361 2232 3707 2318 iustitiae

1045 2394 1279 2481 unice
1346 2394 1821 2480 collocantes
1848 2460 1867 2497 ,
1960 2422 2059 2479 ne
2145 2393 2495 2503 cogitare
2577 2393 2896 2503 quidem
2981 2401 3353 2503 possunt,
3422 2395 3523 2477 ad
3584 2422 3708 2478 se-

1049 2558 1349 2640 dandos
1413 2554 1624 2639 illius
1690 2554 2032 2665 impetus
2086 2555 2638 2664 regendosque
2686 2554 3080 2665 appetitus
3145 2554 3458 2638 assidua
3523 2581 3709 2638 con-

1047 2716 1401 2802 tentione
1469 2723 1549 2801 et
1614 2745 1921 2801 summa
1984 2743 2181 2826 opus
2251 2744 2423 2800 esse
2471 2715 2930 2799 constantia.
2967 2717 3088 2798 Ex
3156 2743 3310 2824 quo
3353 2715 3710 2801 videmus

1048 2878 1290 2990 vulgo
1349 2877 1833 2989 suppeditari
1879 2875 2332 2962 hominibus
2381 2876 2792 2961 illecebras
2837 2877 3127 2959 multas
3163 2875 3709 2985 cupiditatum:

1053 3036 1601 3149 ephemeridas
1669 3037 2431 3146 commentariosque
2500 3037 2718 3121 nulla
2782 3066 2928 3123 nec
2980 3035 3500 3148 temperantia
3563 3062 3710 3118 nec

1050 3196 1566 3284 verecundia:
1634 3197 1859 3282 ludos
1926 3196 2280 3281 scenicos
2368 3199 2465 3280 ad
2549 3197 2949 3283 licentiam
3014 3196 3405 3307 insignes:
3473 3222 3711 3304 argu-

1050 3367 1319 3443 menta
1383 3356 1671 3442 artium
1739 3385 1835 3442 ex
1882 3356 2001 3457 iis,
2053 3386 2248 3467 quas
2293 3365 2577 3442 vocant
2642 3368 2955 3462 verismz',
2992 3357 3304 3468 legibus
3349 3364 3711 3466 proterve

1058 3518 1453 3628 quaesita:
1525 3495 1973 3628 excogitata
2037 3519 2435 3603 subtiliter
2496 3519 2703 3604 vitae
2778 3518 3106 3603 artificia
3189 3517 3569 3603 delicatae
3635 3524 3715 3602 et

1050 3680 1342 3765 mollis:
1409 3679 1670 3765 omnia
1715 3680 2054 3789 denique
2121 3681 2562 3790 conquisita
2604 3682 3097 3792 voluptatum
3150 3680 3709 3780 blandimenta,

1053 3842 1341 3951 quibus
1406 3842 1659 3952 sopita
1723 3842 1972 3928 virtus
2040 3842 2478 3927 conniveat.
2546 3843 2640 3925 In
2707 3871 2861 3951 quo
2929 3841 3313 3952 flagitiose
3389 3840 3710 3942 faciunt,

1055 4006 1196 4090 sed
1261 4003 1412 4089 sibi
1500 4005 1920 4088 admodum
2008 4010 2393 4105 constant,
2485 4003 2619 4112 qui
2708 4002 3338 4112 expectationem
3427 4001 3716 4086 tollunt

1053 4168 1441 4250 bonorum
1487 4164 1967 4266 caelestium,
2005 4192 2477 4273 omnemque
2525 4165 2623 4247 ad
2667 4193 2792 4249 res
2838 4163 3207 4248 mortales
3253 4163 3714 4247 felicitatem

1058 4323 1436 4408 abiiciunt
1502 4330 1581 4408 et
1646 4322 1867 4432 quasi
1935 4324 2412 4432 demergunt
2478 4322 2558 4405 in
2614 4330 2926 4407 terram.
3000 4371 3119 4386 -—
3187 4321 3402 4426 Quae
3450 4329 3715 4407 autem

1064 4490 1673 4570 commemorata
1737 4490 1920 4568 sunt
2004 4483 2201 4567 illud
2289 4484 2746 4569 confirmare
2832 4491 3092 4594 potest
3156 4513 3314 4569 non
3377 4492 3540 4568 tam
3603 4512 3714 4586 re,

1067 4673 1303 4754 quam
1367 4643 1584 4728 dictu
1648 4643 2160 4754 inopinatum.
2232 4644 2433 4729 Cum
2500 4644 2709 4730 enim
2764 4642 3217 4729 hominibus
3260 4644 3596 4731 versutis
3641 4652 3722 4730 et

1069 4803 1371 4890 callidis
1434 4833 1667 4889 nemo
1732 4806 1896 4890 sere
1962 4805 2210 4889 soleat
2276 4811 2439 4888 tam
2495 4804 2830 4890 obnoxie
2878 4805 3194 4908 servire,
3245 4834 3480 4914 quam
3527 4833 3721 4915 quo-

1066 4994 1245 5049 rum
1308 4972 1429 5048 est
1494 4963 2011 5074 cupiditatum
2075 4963 2481 5048 dominatu
2545 4969 2964 5049 enervatus
3043 4970 3123 5048 et
3185 4967 3479 5047 fractus
3555 4963 3723 5047 ani-

1237 5317 1247 5348 '
1302 5314 1505 5380 Cone.
1554 5314 1734 5378 Trid.
1788 5315 1963 5380 Sese.
2014 5336 2107 5397 VI,
2158 5317 2259 5380 De
2311 5315 2530 5400 Iastzf.
2580 5339 2637 5380 c.
2693 5321 2748 5378 1.
