4497 6714
1292 696 1448 774 218

1124 873 1430 959 Epistola
1483 903 1512 932 κ
1550 874 1907 960 Perqratae
1954 873 2156 939 Nobis
2196 902 2225 933 ›>
2279 875 2383 939 die
2434 876 2472 939 8
2523 874 2832 939 Octobris
2880 875 2964 938 ad
3013 875 3416 959 Episcopum
3466 875 3643 940 Lftu-

1298 1022 1689 1064 sannenscm
1717 1009 1781 1064 et
1799 998 2285 1066 Genevensem.
2315 1040 2395 1048 —
2418 1002 2844 1085 Summoperc
2877 1001 3125 1085 gaudet
3157 1001 3643 1067 Dioecesanam

1302 1124 1673 1212 Synodum,
1720 1126 2062 1190 intervallo
2112 1127 2251 1192 fere
2302 1139 2743 1193 tercentorum
2791 1129 3643 1210 annorumintermissam,

1303 1252 1509 1317 fuisse
1556 1251 1641 1315 ab
1690 1274 1763 1316 eo
1812 1253 2092 1318 feliciter
2136 1253 2560 1319 celebratam.
2620 1292 2689 1302 —
2746 1255 3042 1319 Maxime
3076 1256 3393 1319 interesse
3427 1263 3647 1318 monet

1304 1375 1586 1440 filiorum
1636 1377 1975 1441 Ecclesiae
2025 1380 2275 1442 animos
2301 1379 2382 1442 ad
2412 1378 2659 1443 bonum
2691 1390 3024 1443 certamen
3072 1379 3459 1444 certandum
3507 1402 3643 1444 mu-

1305 1507 1421 1562 tua
1465 1501 1636 1563 inter
1683 1523 1753 1563 se
1802 1501 2151 1566 concordia
2187 1503 2514 1586 coniungi,
2551 1513 2617 1567 et
2650 1503 2990 1567 Ecclesiae
3027 1504 3359 1568 ministros
3393 1525 3648 1567 sacram

1305 1623 1721 1709 disciplinam
1792 1625 2089 1710 religiose
2154 1650 2442 1691 servare.
2502 1666 2571 1675 —
2628 1628 2998 1693 Plurimum
3066 1629 3131 1692 in
3194 1626 3318 1691 hac
3366 1650 3436 1692 re
3496 1628 3648 1712 Epi-

1306 1772 1500 1836 scopo
1549 1753 2005 1817 Lausannensi
2053 1754 2326 1839 eiusque
2375 1753 2549 1817 clero
2597 1753 2968 1837 gratulatur
3030 1803 3045 1818 .
3143 1806 3154 1816 .
3254 1801 3268 1814 .
3370 1807 3381 1817 .
3479 1754 3645 1819 PAG.
3695 1755 3826 1819 150

1127 1999 1417 2067 Litterae
1464 2000 1882 2086 Apostolicae
1946 2002 2068 2067 sub
2130 2004 2325 2067 anulo
2390 2004 2744 2068 Piscatoris
2812 2028 2843 2061 «
2895 2002 3024 2067 Ubi
3061 2005 3354 2088 primum
3408 2003 3643 2068 latissi-

1308 2149 1448 2189 mae
1484 2153 1516 2185 ›>
1569 2127 1672 2190 die
1720 2127 1805 2191 25
1853 2126 2200 2209 Octobris3
2246 2128 2327 2191 de
2369 2129 2689 2193 canonica
2719 2128 3053 2206 erectione⁴
3085 2127 3332 2191 Urbani
3368 2126 3643 2211 Collegii

1305 2250 1586 2315 alumnis
1632 2251 2121 2317 foederatarum
2169 2253 2514 2317 civitatum
2578 2252 2926 2316 Americac
2977 2251 3515 2335 Septentrionalis
3562 2251 3648 2315 ad

1311 2400 1500 2442 sacra
1546 2379 1965 2443 instituendis
2054 2431 2066 2444 .
2164 2429 2176 2441 .
2277 2430 2290 2443 .
2387 2428 2400 2442 .
2499 2425 2957 2443 .....
3056 2431 3068 2442 .
3167 2430 3181 2444 .
3276 2429 3290 2442 .
3388 2431 3399 2441 .
3501 2431 3513 2443 .
3614 2379 3825 2443 »152

1134 2628 1428 2694 Litterae
1477 2628 1898 2715 Apostolicae
1956 2627 2078 2693 sub
2124 2627 2393 2715 plumbo
2463 2658 2491 2688 «
2532 2631 2711 2695 Deus
2774 2631 3168 2715 omnipotens
3205 2658 3236 2687 ›>
3288 2629 3392 2693 die
3443 2632 3475 2691 1
3529 2628 3651 2692 No-

1311 2756 1639 2838 vembris3
1704 2757 1946 2843 quibus
2008 2756 2437 2820 confirmatur
2491 2757 2804 2820 iudicium
2852 2778 2892 2818 a
2940 2753 3273 2820 Car.linali
3319 2754 3652 2838 Archiepi-

1311 2902 1510 2966 scopo
1561 2880 2089 2967 Compostellano
2152 2883 2360 2947 latum
2428 2905 2629 2967 super
2675 2882 3027 2946 identitate
3083 2882 3370 2965 corporis
3432 2879 3498 2946 S.
3552 2880 3653 2944 Ia-

1317 3006 1462 3070 cobi
1512 3006 1600 3071 M.
1650 3006 1973 3092 Apostoli,
2023 3008 2312 3092 itemque
2368 3006 2488 3073 SS.
2542 3005 2890 3072 Athanasii
2952 2978 3022 3071 et
3078 3005 3404 3071 Theodori
3464 3005 3653 3070 disci-

1310 3129 3829 3217 pulorumeiuS................»159

1138 3382 1468 3450 Allocutio
1542 3413 1573 3445 «
1620 3384 1833 3459 Quam
1878 3409 2116 3472 aspera
2167 3388 2233 3450 ἰη
2283 3385 2643 3450 Ecclesiam
2680 3415 2710 3445 »
2780 3384 3006 3449 habita
3060 3385 3164 3448 die
3230 3385 3313 3448 10
3372 3384 3652 3448 Novem-

1316 3510 1472 3574 bris.
1515 3548 1584 3558 —
1626 3510 2071 3575 Vehementer
2119 3509 2298 3576 dolet
2329 3513 2700 3575 inveterata
2747 3510 3159 3574 inimicorum
3209 3509 3358 3574 odia
3390 3511 3656 3592 gravius

1317 3637 1384 3700 in
1431 3635 1803 3701 Ecclesiam
1867 3636 2209 3702 exardere.
2270 3675 2339 3685 —
2393 3636 2525 3701 Sed
2587 3635 2893 3701 solatium
2957 3658 3042 3699 ex
3105 3656 3178 3699 eo
3241 3635 3421 3718 capit
3481 3632 3658 3719 quod

1316 3760 1658 3841 Ecclesia,
1728 3762 1875 3825 Deo
1946 3763 2213 3846 auspice
2279 3771 2346 3826 et
2390 3761 2708 3844 adiutore,
2771 3762 2837 3826 in
2900 3762 3060 3845 ipsis
3132 3757 3658 3824 dimicationibus

1316 3888 1655 3952 crescendi
1702 3910 1937 3954 causas
1984 3890 2316 3968 inveniat,
2380 3888 2741 3973 eodemque
2799 3897 3092 3970 tempore
3143 3904 3346 3947 novas
3412 3903 3657 3966 easque

1316 4010 1566 4096 amplas
1615 4015 1910 4097 regiones
1958 4013 2315 4096 Erangelio
2364 4012 2585 4077 videat
2632 4010 2945 4076 reclusas.
2991 4049 3057 4059 —
3099 4010 3204 4074 De
3247 4008 3478 4072 Africa
3511 4009 3659 4092 ipsa

1317 4137 1484 4200 bene
1532 4138 1595 4201 in
1646 4149 1982 4222 posterum
2029 4147 2268 4222 sperat.
2330 4175 2397 4185 -
2454 4136 2781 4222 Antiquas
2830 4136 3354 4221 christianasque
3417 4133 3652 4199 laudes

1319 4261 1740 4347 Carthaginis
1788 4272 2268 4343 commemorat,
2321 4272 2781 4347 maturumque
2831 4285 2974 4326 csse
3023 4270 3265 4343 censet,
3301 4270 3373 4324 ut
3409 4259 3660 4323 Throni

1323 4386 1917 4475 Archiepiscopalis
1966 4388 2174 4453 honor
2205 4389 2265 4452 ei
2298 4389 2703 4453 restituatur.
2737 4425 2808 4436 -
2851 4385 3353 4470 Amplissimum
3387 4385 3663 4449 Patrum

1321 4512 1769 4579 Cardinalium
1817 4513 2180 4599 Collegium
2230 4514 2494 4600 supplet
2562 4523 2709 4578 octo
2780 4515 2938 4577 viris
2988 4512 3156 4576 bene
3219 4511 3300 4576 de
3348 4510 3655 4575 Ecclesia

1318 4642 1606 4723 meritis,
1678 4664 1842 4727 quos
1913 4641 2230 4725 doctrina,
2295 4643 2548 4724 virtus,
2612 4664 2833 4706 rerum
2880 4663 3082 4720 usuS,
3129 4659 3405 4704 munera
3466 4646 3652 4720 gesta

1322 4764 1514 4830 valde
1561 4767 2071 4832 commendant.
2164 4814 2179 4828 .
2279 4818 2292 4831 .
2391 4818 2403 4830 .
2502 4819 2513 4829 .
2613 4817 2627 4830 .
2725 4816 2737 4829 .
2839 4818 2850 4829 .
2948 4815 2962 4828 .
3062 4817 3072 4828 .
3173 4815 3186 4828 .
3284 4815 3297 4827 .
3396 4811 3410 4824 .
3510 4814 3521 4824 .
3623 4788 3655 4820 »
3714 4760 3841 4825 173

1143 5016 1401 5081 Littera
1446 5017 1865 5101 Apostolicae
1913 5017 2036 5082 sub
2083 5017 2352 5103 plumbo
2407 5047 2440 5076 ‹<
2469 5018 2775 5081 [Materna
2820 5015 3147 5080 Ecclesiae
3185 5043 3217 5073 ›>
3268 5014 3379 5079 die
3413 5015 3498 5079 10
3539 5014 3664 5078 No·

1321 5140 1607 5206 vembris
1628 5164 1644 5223 τ,
1735 5141 1840 5206 De
1941 5142 2112 5209 Sede
2197 5127 2764 5227 Archiepiscopali
2850 5139 3381 5224 Carthaginiensi
3464 5141 3651 5204 resti·

1330 5265 1579 5330 tuenda
1625 5312 1641 5327 .
1738 5315 1752 5327 .
1853 5318 1861 5327 .
1965 5317 1977 5330 .
2077 5318 2088 5330 .
2188 5318 2199 5330 .
2303 5315 2314 5328 .
2412 5315 2425 5329 .
2524 5315 2542 5332 .
2637 5319 2649 5330 .
2747 5317 2757 5328 .
2860 5319 2870 5328 .
2970 5317 2983 5328 .
3083 5317 3095 5329 .
3192 5314 3209 5332 .
3306 5316 3318 5328 .
3417 5314 3431 5329 .
3528 5316 3540 5327 .
3639 5292 3669 5318 >³
3726 5262 3850 5326 178
