4497 6714
3186 836 3337 914 183

824 1042 1093 1098 casum
1157 1015 1600 1121 deflectere,
1649 1017 1760 1102 ita
1822 1026 2089 1105 tamen
2156 1027 2244 1105 ut
2289 1020 2538 1105 multo
2603 1020 2880 1107 fuisset
2942 1020 3248 1106 victura
3310 1021 3485 1104 diu-

821 1173 1003 1278 tius,
1067 1173 1221 1259 nisi
1265 1176 1510 1261 vitam
1575 1177 1792 1263 illata
1832 1179 1950 1265 vis
2002 1180 2493 1290 peremisset.
2553 1182 2732 1267 Non
2779 1180 2990 1266 enim
3055 1179 3275 1266 senio
3318 1179 3488 1290 ipsa

822 1364 963 1422 suo
1030 1339 1385 1424 confecta
1448 1337 1770 1442 interiit,
1827 1343 1968 1425 sed
2015 1342 2533 1427 barbarorum
2597 1340 2835 1425 armis
2869 1369 3240 1453 oppressa
3303 1369 3483 1425 suc-

823 1496 1119 1582 cubuit.
1184 1500 1496 1584 Revera
1577 1499 2067 1610 exploratum
2133 1507 2255 1585 est
2351 1507 2732 1610 quantum
2797 1499 3005 1584 Afris
3099 1498 3484 1585 malorum

822 1657 1231 1743 attulerint
1292 1658 1655 1745 Vandali:
1724 1688 2057 1768 quorum
2124 1658 2484 1745 effrenati
2552 1659 2942 1746 exercitus
3005 1658 3483 1770 ubicumque

821 1816 1245 1930 vestigium
1319 1818 1818 1928 posuissent,
1885 1821 1984 1902 ad
2048 1817 2528 1928 direptiones
2611 1817 2924 1903 urbium
3000 1820 3479 1930 caedemque

822 1979 1110 2065 civium
1173 1979 1509 2065 Arianae
1604 2007 1907 2066 venena
1979 1979 2224 2091 pestis
2320 1979 2991 2091 adiungebantur:
3058 2009 3149 2064 ac
3212 1987 3480 2065 tantus

821 2148 990 2226 erat
1051 2140 1347 2251 ubique
1411 2148 1687 2244 terror,
1754 2147 1844 2225 ut
1908 2137 2277 2225 catholici
2320 2146 2742 2229 nullatenus
2795 2149 3283 2256 respirarent,
3351 2176 3479 2229 nc-

822 2338 957 2419 quc
1019 2337 1334 2418 usquam
1428 2309 1706 2393 orandi
1760 2309 1897 2391 aut
1969 2308 2401 2391 immolandi
2468 2310 2976 2391 concederetur
3031 2309 3479 2418 yementzbas

823 2469 1022 2552 Iocus
1076 2454 1128 2547 ¹.
1197 2462 1527 2551 Saeculo
1572 2469 1838 2548 autem
1901 2462 2237 2573 septimo
2284 2462 2672 2566 Saraceni,
2739 2461 3008 2550 hostes
3074 2462 3480 2550 christiani

821 2624 1182 2730 nominis,
1250 2653 1429 2710 cum
1494 2627 1813 2711 easdem
1874 2623 2336 2734 provincias,
2389 2651 2608 2710 more
2672 2623 3086 2736 procellae,
3146 2624 3478 2709 inunda-

817 2786 1137 2891 vissent,
1204 2784 1754 2873 acerbissimae
1851 2784 2252 2870 servitutis
2340 2785 2529 2897 iugo
2596 2783 2991 2895 indigenis
3088 2784 3476 2896 impositO,

821 2946 1384 3059 Carthaginem
1448 2946 1699 3058 ipsam
1771 2952 1891 3031 tot
1953 2946 2108 3030 iam
2174 2947 2460 3032 fessam
2504 2945 2924 3048 aerumnis,
2989 2945 3177 3057 igne
3231 2948 3477 3032 ferro-

820 3138 973 3220 que
1041 3108 1526 3210 exciderunt,
1592 3107 1985 3217 planeque
2049 3107 2483 3219 perniciem
2548 3114 2629 3193 et
2691 3107 3146 3192 vastitatem
3198 3107 3478 3194 Eccle-

819 3269 980 3355 siae
1046 3268 1506 3354 intulerunt.
1576 3267 1875 3373 Quibus
1941 3268 2451 3380 temporibuS,
2518 3267 2917 3354 saeviente
2983 3268 3275 3379 passim
3340 3272 3478 3354 ad-

817 3458 1091 3516 versus
1153 3431 1388 3516 fidem
1454 3427 1922 3514 catholicam
1987 3431 2253 3516 furore
2317 3427 2691 3533 hostium,
2737 3459 3010 3516 rursus
3045 3437 3477 3539 martyrum

819 3622 1076 3706 segeS,
1144 3601 1225 3680 et
1288 3623 1625 3705 magnus
1692 3594 2247 3680 Confessorum
2313 3623 2714 3699 numerUS,
2783 3604 2865 3682 et
2928 3596 3250 3682 fortium
3284 3597 3477 3709 Epi-

819 3783 1233 3867 scoporum
1315 3763 1397 3841 et
1480 3757 1978 3840 sacerdotum
2054 3755 2365 3867 egregii
2446 3755 2826 3867 manipuli
2902 3756 3236 3845 extitere
3271 3824 3290 3861 ,
3388 3767 3480 3845 ut

817 3947 1136 4029 prorsus
1202 3915 1405 4001 sicut
1470 3944 1649 4000 cum
1714 3916 1946 4001 laude
2011 3914 2380 4002 Africana
2424 3916 2784 4001 Ecclesia
2827 3916 3299 4021 adoleverat,
3367 3919 3478 4004 ita

822 4108 1003 4163 cum
1067 4076 1454 4189 dignitate
1521 4074 1986 4161 occubuisse
2050 4075 2433 4162 videatur.
2520 4126 2636 4138 —
2705 4075 2976 4161 Tantis
3062 4084 3330 4164 autem
3394 4077 3475 4161 in

820 4239 1192 4343 tenebris,
1260 4267 1463 4350 quae
1532 4245 2001 4324 consecutae
2068 4246 2276 4341 sunt,
2345 4236 3044 4350 Carthaginienses
3107 4239 3475 4351 Episcopi

820 4405 975 4488 duo
1040 4408 1440 4513 apparent,
1507 4400 1638 4485 vix
1701 4400 1880 4511 plus
1957 4429 2190 4511 quam
2279 4399 2596 4486 nomine
2681 4400 3020 4512 cogniti:
3108 4399 3474 4507 Thomas,

820 4569 918 4652 de
984 4593 1140 4677 quo
1204 4594 1441 4676 supra
1506 4569 1627 4648 est
1680 4564 1885 4648 facta
1928 4561 2250 4665 mentio,
2298 4567 2379 4647 et
2435 4560 2829 4669 Cyriacus.
2876 4562 3079 4646 Nam
3123 4561 3257 4672 qui
3301 4591 3475 4648 sae-

822 4740 1000 4828 culo
1065 4741 1370 4827 decimo
1439 4739 1714 4850 quinto
1778 4744 2210 4851 posteaque
2277 4747 2723 4843 occurrunt,
2790 4739 3146 4850 plerique
3203 4769 3475 4828 omnes

824 4901 1380 4988 ornamentarii
1443 4903 1785 4986 fuerunt.

1011 5078 1300 5184 Quinto
1344 5109 1391 5164 a
1435 5078 1999 5166 Saracenorum
2061 5077 2594 5165 dominatione
2661 5078 3001 5181 saeculo,
3068 5106 3246 5164 cum
3290 5108 3476 5192 ger-

1034 5429 1056 5472 ¹
1117 5435 1364 5509 Victor
1418 5434 1747 5528 VitensiS‚
1805 5434 1993 5507 Per-9.
2062 5433 2287 5508 Vand.
2346 5435 2466 5510 lib.
2526 5460 2573 5527 1,
2632 5457 2689 5508 c.
2754 5439 2824 5508 7.
