4497 6714
1332 789 1481 867 188

1179 1000 1659 1083 cognoscere
1728 973 1850 1058 ius
1917 981 2090 1076 est,
2161 984 2587 1086 cognoscat
2652 983 2733 1062 et
2796 976 3132 1060 dirimat.
3203 976 3486 1063 Cetera
3551 977 3834 1081 omnia,

1190 1162 1393 1243 quae
1459 1136 1557 1217 ad
1620 1132 2034 1245 pastoralis
2080 1133 2314 1220 officii
2357 1165 2645 1221 munus
2688 1135 3110 1248 pertinent,
3156 1135 3404 1223 libere
3439 1145 3836 1248 gerat.—

1178 1294 1524 1400 Synodos
1589 1293 2117 1379 Dioecesanas
2185 1294 2612 1380 constituta
2685 1295 2867 1406 lege
2965 1296 3451 1407 temporibus
3533 1296 3835 1383 haben-

1167 1454 1305 1537 das
1372 1460 1615 1539 curet.
1685 1454 2130 1565 Collegium
2199 1455 2776 1541 Canonicorum
2819 1457 3637 1567 Metropolitanorum,
3704 1488 3829 1545 se-

1169 1618 1513 1699 cundum
1576 1615 2056 1725 praescripta
2119 1615 2392 1727 legum
2459 1615 3196 1718 ecclesiasticarum,
3263 1616 3402 1701 ubi
3488 1616 3830 1727 primum

1166 1774 1333 1860 fieri
1396 1775 1707 1886 poterit,
1775 1774 2156 1861 instituat.
2227 1777 2454 1862 Unus
2521 1806 2618 1862 ex
2684 1776 3100 1862 Canonicis
3165 1777 3464 1889 primus
3531 1784 3699 1863 esto
3743 1778 3823 1861 in

1169 1938 1548 2050 Collegio,
1616 1937 2168 2023 Archidiaconi
2234 1939 2623 2050 dignitate
2691 1947 3005 2031 auctus:
3076 1942 3388 2049 duoque
3456 1940 3828 2025 canonice

1170 2099 1567 2211 eligantur
1602 2165 1620 2201 ,
1701 2128 2037 2208 quorum
2132 2099 2333 2186 alter
2418 2099 2803 2212 Theologi
2839 2166 2858 2205 ,
2938 2100 3136 2186 alter
3232 2098 3826 2185 poenitentiarii

1165 2258 1506 2345 officium
1570 2265 1821 2370 gerat.
1891 2258 2414 2344 Seminarium
2481 2259 3133 2371 Carthaginiense
3201 2259 3626 2345 educendis
3693 2290 3817 2345 sa-

1167 2447 1477 2504 crorum
1510 2419 1849 2504 alumnis
1882 2428 2267 2530 perpetuo
2304 2418 2703 2504 addictum
2750 2419 2874 2505 sit.
2919 2471 3030 2483 —
3076 2421 3232 2506 Per
3276 2419 3822 2531 interregnum

1163 2578 1734 2663 administratio
1802 2576 2500 2665 Archidioecescos
2565 2587 2890 2690 geratur
2953 2583 3388 2665 secundum
3431 2580 3816 2692 praescri-

1165 2745 1301 2848 pta
1366 2737 1847 2824 Litterarum
1912 2738 2548 2849 Apostolicarum
2613 2739 3029 2826 Benedicti
3095 2741 3285 2826 XIV
3365 2745 3493 2829 Em
3533 2746 3831 2830 sublimi

1171 2907 1254 2985 et
1329 2904 1563 3006 Quam
1628 2934 1720 2988 ex
1781 2905 2093 2988 sublimi.

1353 3059 1475 3145 De
1573 3059 1951 3146 Ecclesiis
2042 3058 2581 3172 suffraganeis
2616 3127 2635 3165 ,
2705 3065 2803 3147 de
2894 3061 3181 3147 finibus
3264 3063 3822 3165 describendis,

1166 3218 1518 3331 itemque
1583 3219 1907 3330 reliquis
1973 3223 2070 3306 de
2138 3222 2401 3325 robuS,
2470 3251 2671 3333 quae
2737 3224 2836 3306 ad
2899 3225 3330 3334 perfectam
3364 3222 3824 3310 Archidioe-

1168 3409 1439 3468 ceseos
1524 3380 2167 3467 constitutionem
2252 3381 2753 3493 pertineant,
2821 3381 3223 3496 integrum
3305 3383 3556 3469 Nobis
3655 3412 3826 3469 esse

1165 3542 1531 3627 volumus
1596 3541 1677 3627 id
1741 3544 1953 3652 quod
2020 3542 2388 3654 expedire
2452 3543 2849 3630 videbitur
2935 3552 3373 3656 opportune
3449 3548 3826 3632 decerne-

1166 3730 1277 3789 re.
1346 3753 1466 3767 -
1513 3704 1855 3789 Demum
1919 3703 2368 3789 Venerabili
2433 3704 2693 3789 Fratri
2759 3705 3046 3791 Nostro
3136 3705 3414 3792 Carolo
3484 3705 3824 3791 Martiali

1170 3865 1246 3953 S.
1315 3867 1413 3950 R.
1479 3868 1573 3949 Ε.
1643 3864 2037 3949 Cardinali
2132 3864 2553 3977 Lavigerie
2636 3864 3249 3979 Archiepiscopo
3346 3867 3821 3980 Algeriensi,

1167 4025 1804 4111 Administratori
1870 4029 2281 4114 Tunetano
2308 4095 2327 4133 ,
2394 4032 2855 4115 mandamus
2920 4037 3011 4116 ut
3076 4060 3170 4116 ea
3233 4029 3548 4133 omnia,
3618 4057 3820 4140 quae

1161 4184 1289 4271 his
1377 4187 1882 4273 continentur
1967 4188 2292 4275 Litteris
2367 4189 2677 4276 Nostris
2713 4256 2732 4295 ,
2802 4200 3289 4302 exequatur:
3379 4191 3616 4300 idque
3693 4191 3821 4278 vel

1157 4375 1301 4458 per
1364 4377 1503 4452 se,
1569 4348 1697 4434 vel
1760 4378 1902 4458 per
1988 4349 2536 4461 interpositam
2619 4378 3038 4462 personam
3123 4351 3202 4435 in
3290 4351 3822 4437 ecclesiastica

1159 4506 1549 4619 dignitate
1615 4510 2156 4596 constitutam.

1352 4671 1736 4758 Volumus
1800 4679 2068 4757 autem
2131 4671 2394 4758 omnia
2459 4677 2540 4758 et
2604 4671 2939 4784 singula,
3007 4700 3209 4782 quae
3274 4700 3416 4783 per
3458 4670 3604 4757 has
3649 4671 3818 4757 Lit-

1161 4840 1372 4920 teras
1436 4831 1975 4937 decrevimus,
2023 4833 2245 4917 firma
2280 4897 2300 4937 ,
2370 4831 2725 4931 stabilia,
2791 4840 3014 4936 rata,
3081 4831 3200 4916 uti
3264 4840 3496 4928 sunt,
3562 4831 3674 4918 ita
3735 4831 3819 4917 in

1163 5021 1393 5079 omne
1456 5000 1772 5103 tempus
1848 5020 2374 5102 permanere:
2462 5020 2719 5102 neque
2815 4992 2911 5077 iis
2996 4993 3426 5103 quidquam
3506 4993 3818 5080 officere

1163 5152 1326 5237 ullo
1390 5154 1619 5237 modo
1686 5181 1940 5265 posse,
2005 5181 2106 5238 ne
2171 5152 2497 5239 Nostras
2564 5151 2885 5262 quidem
2950 5159 3030 5240 et
3076 5152 3610 5239 Cancellariae
3656 5153 3816 5239 No-

1162 5320 1370 5398 strae
1433 5313 1775 5423 regulaS,
1843 5313 2130 5423 quibus
2197 5314 2581 5419 omnibus,
2649 5312 2935 5401 horum
2978 5318 3474 5400 decretorum
3534 5314 3811 5426 gratia,
