4497 6714
1265 1140 1943 1272 LITTERAE
2030 1140 2975 1274 APOSTOLIOAE

1142 1514 1420 1581 QUIBUS
1485 1515 1931 1572 PLENARIUM
1996 1514 2416 1571 CONCILIUM
2492 1514 2638 1568 PER
2703 1513 3107 1571 EPISCOPOS

985 1670 1606 1727 FOEDERATARUM
1671 1672 2362 1728 SEPTENTRIONALIS
2428 1672 2815 1729 AMERICAE
2882 1672 3261 1728 DITIONUM

1019 1810 1446 1889 HABENDUM
1511 1834 2024 1906 DECERNITUR,
2094 1833 2327 1899 EIQUE
2392 1833 2903 1887 PRAESIDENDI
2961 1834 3223 1890 MUNUS

859 1996 1138 2053 IACOBO
1208 1997 1530 2052 GIBBONS
1596 1995 2191 2053 ARCHIEPISCOPO
2271 1995 2828 2051 BALTIMORENSI
2909 1996 3386 2052 DELEGATUR.

1669 2466 1925 2562 LEO
1996 2467 2193 2561 ΡΡ.
2275 2468 2548 2562 XIII.

1694 2858 2196 2913 VENERABILIS
2263 2858 2556 2912 FRATER

1214 3016 1561 3072 SALUTEM
1629 3017 1722 3071 ET
1788 2982 2307 3074 APOSTOLICA'M
2374 3016 3023 3073 BENEDICTIONEM.

797 3332 986 3489 Rei
1051 3399 1503 3487 Catholicae
1578 3401 2176 3504 incrementum,
2265 3400 2801 3487 Ecclesiarum
2877 3399 3300 3486 utilitatem
3367 3407 3448 3486 et

797 3563 1145 3650 fidelium
1210 3565 1618 3649 commoda
1662 3591 1761 3648 ex
1802 3563 2066 3648 debito
2113 3561 2612 3674 Apostolicae
2666 3561 3068 3649 servitutis
3112 3563 3446 3649 Nostrae

798 3754 953 3836 qua
1017 3729 1238 3836 patet
1301 3723 1512 3810 orbis
1576 3723 2099 3827 intendenteS,
2177 3727 2276 3810 de
2341 3725 2501 3810 VV.
2568 3726 2730 3808 FF.
2798 3725 2970 3808 NN.
3041 3723 3117 3811 S.
3184 3726 3275 3807 E.
3343 3725 3441 3809 R.

799 3884 1329 3971 Cardinalium
1373 3883 1715 3996 negotiis
1757 3888 2311 3996 propagandae
2355 3884 2535 3970 fidei
2589 3885 3216 3997 praepositorum
3260 3914 3444 3972 con-

716 4141 725 4147 ,
795 4046 968 4132 silio
1004 4111 1023 4148 ,
1121 4044 1566 4154 auditisque
1662 4044 2264 4130 Venerabilibus
2361 4045 2772 4129 Fratribus
2867 4047 3446 4132 foederatarum

794 4207 1430 4320 septentrionalis
1494 4206 1904 4293 Americae
1987 4206 2400 4292 Ditionum
2485 4206 2937 4318 EpiscopiS,
3002 4207 3446 4319 plenarium

794 4366 1236 4454 Concilium
1298 4395 1568 4452 mense
1633 4366 2084 4470 Novembri,
2151 4365 2304 4452 hoc
2368 4373 2725 4453 vertente
2771 4395 3000 4469 anno,
3055 4365 3442 4453 Baltimo-

790 4559 924 4617 rae
987 4560 1129 4642 per
1194 4533 1512 4617 eosdem
1599 4529 2014 4617 Sacrorum
2079 4528 2497 4615 Antistites
2560 4527 3013 4615 habendum
3092 4529 3444 4616 decrevi-

790 4721 990 4795 mus,
1057 4700 1147 4777 ut
1210 4690 1450 4776 iidem
1513 4689 1907 4801 Episcopi,
1976 4689 2283 4776 collatis
2349 4689 2720 4791 consiliis,
2801 4717 3003 4799 quae
3067 4693 3168 4775 ad
3230 4690 3442 4777 evel-

790 4853 1064 4938 lendos
1129 4850 1641 4960 funditusque
1705 4849 2118 4952 tollendoS,
2206 4850 2273 4935 si
2361 4850 2496 4961 qui
2562 4849 3043 4961 irrepserint,
3121 4852 3439 4955 abusus,

790 5015 888 5096 ad
932 5011 1545 5098 ecclesiasticam
1590 5009 2085 5122 disciplinam
2130 5012 2765 5113 confirmandam,
2813 5014 2913 5096 ad
2963 5010 3442 5098 dioecesium

788 5179 1082 5258 statum
1146 5172 1258 5258 ita
1338 5172 1878 5276 ordinandum,
1947 5181 2036 5257 ut
2096 5172 2418 5285 propius
2484 5176 2583 5258 ad
2666 5202 3081 5260 commune
3161 5173 3440 5260 Eccle-

792 5333 954 5420 siae
1018 5332 1165 5438 iuS,
1234 5340 1621 5443 quatenus
1686 5332 1855 5419 fieri
1917 5334 2188 5443 possit,
2257 5337 2601 5437 accedat,
2649 5340 2731 5420 et
2797 5337 2895 5419 ad
2950 5332 3439 5420 Catholicam

3046 5491 3063 5533 1
