4497 6714
3161 779 3254 854 41

767 962 1055 1045 debere
1121 944 1611 1063 meministis,
1677 959 2073 1069 peculiare
2141 959 2681 1044 testimonium
2725 959 2943 1063 fidei,
2979 960 3294 1071 pietatis
3339 968 3421 1048 et

768 1121 1125 1231 obsequii
1192 1121 1541 1206 unanimi
1607 1119 1864 1204 studio
1911 1118 2311 1223 exhibere,
2379 1120 2892 1223 declaranteS,
2956 1118 3154 1205 nihil
3198 1123 3419 1208 vobis

765 1283 1028 1394 potius
1093 1313 1266 1370 esse
1334 1313 1569 1393 quam
1635 1311 2001 1392 supremo
2078 1281 2273 1367 Eius
2358 1281 2816 1393 magisterio
2881 1283 3209 1369 firmiter
3283 1287 3421 1369 ad·-

765 1443 1118 1547 haerere,
1187 1474 1278 1529 ac
1344 1443 1652 1528 divinae
1698 1442 2250 1553 humanaeque
2295 1441 2724 1552 sapientiae
2789 1444 3105 1528 foedere
3152 1450 3420 1531 sancte

771 1613 1079 1692 servato
1145 1604 1617 1690 christianae
1683 1604 2112 1691 iuventutis
2175 1607 2383 1691 bono
2451 1612 2531 1690 et
2595 1603 2917 1688 utilitati
2985 1604 3418 1691 consulere.

772 1766 1283 1851 Gratissimae
1350 1764 1596 1851 Nobis
1661 1767 1880 1851 fuere
1945 1764 2396 1850 huiusmodi
2472 1772 2779 1849 vestrae
2855 1764 3423 1852 declarationes

771 1926 976 2012 veris
1040 1925 1443 2011 Ecclesiae
1510 1925 1688 2010 filiis
1755 1926 2070 2011 omnino
2138 1924 2468 2035 dignae3
2536 1952 2682 2009 nec
2749 1923 3009 2009 minus
3054 1926 3425 2011 delectati

775 2115 1045 2172 sumus
1107 2086 1650 2197 intelligentes
1716 2116 1813 2172 ex
1877 2085 2163 2171 litteris
2226 2085 2511 2171 vestris
2575 2113 2866 2196 magno
2931 2085 3427 2170 alumnorum

775 2275 1129 2350 numerO,
1212 2247 1346 2356 qui
1426 2247 1506 2331 in
1592 2277 1812 2358 spem
1875 2247 2173 2357 patriae
2259 2253 2339 2332 et
2411 2247 2819 2358 religionis
2897 2255 3425 2350 succrescunt,

780 2414 1048 2496 sedem
1113 2410 1344 2495 istam
1410 2412 1723 2515 florere3
1790 2409 2224 2497 severiores
2290 2407 2525 2494 isthic
2589 2407 2983 2493 doctrinas
3066 2409 3269 2493 tradi
3333 2410 3433 2492 ad

785 2599 960 2655 eam
1016 2548 1412 2654 *rationem
1478 2598 1714 2680 quam
1779 2568 2026 2654 Nobis
2092 2567 2307 2653 cordi
2372 2595 2544 2654 esse
2609 2567 2957 2672 novistis,
3024 2575 3104 2654 et
3161 2597 3433 2654 omnes

780 2762 827 2815 a
888 2730 1110 2815 vobis
1176 2759 1403 2815 curas
1447 2729 1795 2839 impendi
1838 2736 1928 2814 ut
1973 2758 2152 2814 cum
2197 2728 2704 2814 scientiarum
2750 2736 2830 2813 et
2873 2728 3160 2813 artium
3203 2728 3435 2814 laude

780 2899 997 2978 recta
1059 2920 1367 2977 morum
1432 2891 1843 3002 disciplina
1905 2890 2194 3002 vigeat,
2231 2898 2472 3002 atque
2518 2890 2630 2976 ita
2696 2891 3172 2977 catholicum
3226 2891 3437 2976 istud

782 3052 1232 3136 institutum
1299 3051 1470 3136 iure
1538 3080 1627 3136 ac
1692 3051 1974 3136 merito
2070 3051 2315 3137 totius
2380 3052 2644 3162 gentis
2702 3059 3248 3137 ornamentum
3298 3082 3437 3163 pa·-

785 3209 1141 3319 triaeque
1196 3213 1437 3294 decus
1481 3208 1995 3295 existimetur.
2032 3208 2399 3319 Aequum
2442 3209 2687 3320 igitur
2719 3218 2863 3313 est,
2900 3210 3191 3296 Dilecti
3222 3211 3432 3316 Filii,

787 3379 877 3455 ut
917 3369 1303 3455 beneficia
1347 3369 1497 3455 Dei
1544 3399 1736 3481 erga
1778 3398 1917 3455 vos
1959 3367 2112 3454 hoc
2156 3377 2510 3480 tempore
2555 3370 3048 3481 potissimum
3084 3373 3438 3459 recolen-

790 3538 911 3616 tes
954 3531 1300 3616 debitam
1344 3532 1440 3615 Ei
1492 3531 1824 3642 gloriam
1879 3531 2350 3642 gratissimis
2406 3531 2685 3616 animis
2740 3531 3135 3638 habeatis,
3202 3542 3439 3644 atque

793 3719 1113 3801 operam
1156 3691 1383 3794 detiS,
1419 3698 1531 3795 ut,
1570 3699 1741 3775 tum
1786 3720 1882 3776 ex
1918 3719 2011 3776 ea
2044 3690 2422 3776 memoria
2467 3719 2700 3801 quam
2747 3692 3184 3798 celebratiS,
3221 3695 3444 3781 cuius

795 3879 889 3936 eo
931 3850 1179 3936 maior
1223 3857 1342 3935 est
1398 3849 1651 3961 gloria
1695 3878 1851 3960 quo
1895 3850 2229 3936 maiores
2273 3851 2655 3937 utilitates
2701 3881 2798 3938 ex
2841 3852 3008 3973 ista,
3038 3854 3443 3940 Universi-

795 4017 958 4095 tate
1022 4010 1103 4093 in
1170 4040 1471 4095 sacram
1536 4017 1616 4094 et
1682 4009 1990 4096 civilem
2056 4039 2225 4096 rem
2290 4012 2755 4121 profluxere,
2822 4019 2991 4096 tum
3044 4042 3141 4098 ex
3184 4015 3447 4100 divina

798 4172 1307 4282 protectione,
1376 4202 1612 4283 quam
1677 4172 2012 4258 feliciter
2076 4173 2379 4284 experti
2447 4173 2658 4278 estis,
2724 4174 2962 4258 animi
3044 4176 3284 4262 vestri
3349 4179 3448 4261 ad

801 4334 1356 4416 demerendam
1420 4330 1676 4440 magis
1740 4330 2151 4441 magisque
2197 4331 2349 4416 Dei
2393 4359 2622 4443 opem
2667 4341 2746 4418 et
2789 4335 2888 4417 ad
2940 4341 3203 4443 partes
3247 4341 3446 4421 stre-

803 4519 958 4576 nue
1025 4492 1426 4576 obeundas
1490 4490 1955 4576 nobilissimi
2020 4493 2261 4576 vestri
2326 4493 2675 4578 muneris
2739 4494 3073 4580 alacrius
3117 4496 3451 4582 inciten-

804 4656 955 4733 tur.
1024 4649 1145 4733 De
1224 4648 1469 4733 Nobis
1552 4654 1819 4733 autem
1903 4650 2014 4734 sic
2101 4649 2464 4736 volumus
2540 4681 3002 4763 persuasum
3066 4653 3449 4761 habeatiS,
3562 4765 3572 4774 ·

805 4807 968 4891 Nos
1004 4805 1513 4891 Academiam
1578 4814 1919 4893 vestram
1984 4837 2142 4894 non
2207 4809 2491 4896 minori
2557 4812 3133 4900 existimatione
3178 4845 3269 4901 ac
3312 4818 3454 4903 be·-

805 4964 1249 5051 nevolentia
1311 4966 1681 5077 prosequi
1748 4994 1985 5076 quam
2050 4967 2237 5053 olim
2305 4999 2485 5054 cum
2549 4971 2632 5056 in
2694 4972 2846 5058 ista
2909 4974 3235 5085 regione
3278 5005 3455 5063 ver-

804 5152 1180 5229 saremur,
1227 5125 1451 5211 cuius
1495 5125 1577 5210 in
1611 5126 1774 5212 Nos
1841 5128 2100 5212 studia
2163 5129 2375 5215 dulci
2419 5159 2599 5217 cum
2643 5161 2880 5219 sensu
2925 5139 3453 5244 recordamur,

806 5282 1046 5369 immo
1111 5313 1204 5371 eo
1269 5285 1642 5371 libentius
1704 5285 1856 5372 hac
1921 5287 2331 5375 occasione
2396 5292 3010 5401 gratulationem
3087 5297 3457 5384 Nostram
