4497 6714
3171 788 3264 866 51

771 1002 1165 1083 quaquam
1230 974 1564 1082 probant
1628 971 2169 1057 conclusiones
2255 974 2634 1081 quasdam
2721 979 3135 1076 extremas»,
3204 1000 3422 1082 quaS,

772 1161 952 1217 cum
1016 1161 1115 1218 ex
1177 1118 1581 1243 principiis
1668 1131 2216 1216 communibus
2294 1131 2736 1217 necessario
2816 1137 3423 1241 consequantur,

774 1302 1389 1380 consentaneum
1455 1300 1665 1379 esset
1729 1293 2180 1404 amplexari,
2247 1292 2397 1377 nisi
2471 1322 2614 1403 per
2684 1323 2770 1380 se
2847 1294 3220 1380 foeditate
3284 1321 3428 1378 sua

771 1457 1173 1567 turpitudo
1239 1456 1409 1568 ipsa
1472 1458 1932 1542 deterreret.
1980 1458 2185 1540 Item
2231 1456 2648 1541 nonnullas
2704 1456 3057 1541 locorum
3119 1463 3426 1567 tempo-

772 1648 1044 1705 rumve
1109 1616 1309 1703 ratio
1355 1619 1633 1703 suadet
1676 1617 1980 1701 minora
2026 1616 2314 1719 conari,
2362 1645 2598 1726 quam
2664 1624 2802 1702 aut
2864 1617 3080 1727 ipsae
3132 1617 3428 1702 vellent

773 1787 910 1864 aut
975 1786 1284 1865 ceterae
1352 1780 1637 1865 solent:
1706 1807 1861 1864 non
1925 1778 2217 1864 idcirco
2299 1786 2564 1865 tamen
2649 1780 2954 1867 alienae
3019 1809 3066 1864 a
3129 1780 3429 1865 Masso-

774 1941 949 2028 nico
1014 1944 1332 2027 foedere
1396 1944 1815 2052 putandae,
1885 1940 2070 2050 quia
2135 1939 2662 2026 Massonicum
2726 1943 3002 2026 foedus
3067 1945 3431 2026 nontam

775 2107 895 2187 est
959 2103 1056 2185 ab
1103 2101 1297 2185 actis
1342 2101 1872 2211 perfectisque
1918 2102 2179 2203 rebuS,
2228 2128 2466 2209 quam
2510 2130 2556 2185 a
2599 2100 3172 2186 sententiarum
3215 2130 3431 2185 sum-

774 2290 903 2345 ma
965 2260 1495 2346 iudicandum.

957 2423 1316 2508 Iamvero
1383 2422 2045 2508 Naturalistarum
2110 2429 2346 2533 caput
2413 2428 2556 2525 est,
2624 2424 2836 2531 quod
2899 2421 3216 2507 nomine
3263 2421 3432 2532 ipso

776 2586 965 2672 satis
1032 2586 1456 2688 declarant,
1503 2583 1932 2668 humanam
1998 2590 2359 2667 naturam
2417 2581 3002 2692 humanamque
3048 2582 3434 2670 rationem

780 2748 1087 2833 cunctis
1152 2748 1234 2832 in
1297 2749 1535 2833 rebus
1602 2745 2064 2856 magistram
2131 2774 2305 2832 esse
2372 2752 2453 2831 et
2527 2745 2961 2856 principem
3045 2752 3431 2856 oportere.

777 2909 946 3014 Quo
1014 2909 1465 3013 constitutO,
1534 2908 1787 2993 officia
1853 2935 2046 3019 erga
2109 2907 2373 2993 Deum
2435 2909 2560 2993 vel
2625 2907 2886 2992 minus
2942 2914 3242 3012 curant,
3308 2906 3434 2992 vel

775 3072 1274 3183 opinionibus
1339 3077 1803 3182 pervertunt
1868 3070 2313 3155 errantibus
2380 3076 2461 3155 et
2523 3070 2770 3181 vagis,
2838 3070 3158 3181 Negant
3222 3070 3432 3156 enim

775 3233 1199 3343 quicquam
1265 3261 1437 3318 esse
1503 3231 1675 3317 Deo
1742 3238 2065 3316 auctore
2132 3230 2540 3315 traditum:
2607 3231 2914 3315 nullum
2958 3232 3294 3342 probant
3334 3234 3433 3319 de

771 3393 1155 3504 religione
1222 3396 1537 3504 dogma,
1603 3391 1803 3476 nihil
1867 3391 2056 3496 veri,
2146 3394 2358 3501 quod
2443 3419 2600 3478 non
2664 3390 3075 3477 hominum
3139 3392 3432 3479 intelli-

771 3553 1044 3663 gentia
1110 3551 1745 3663 comprehendat,
1778 3551 2123 3636 *nullum
2189 3551 2683 3663 magistrum,
2733 3554 2860 3639 0111
2909 3561 3229 3665 propter
3291 3582 3431 3638 au-

776 3712 1222 3798 ctoritatem
1286 3711 1520 3796 officii
1620 3711 1722 3795 sit
1818 3711 1989 3797 iure
2090 3713 2591 3796 credendum.
2689 3710 3073 3815 Quoniam
3169 3719 3436 3798 autem

771 3903 1058 3959 munus
1124 3882 1246 3961 est
1319 3874 1728 3961 Ecclesiae
1814 3872 2248 3959 catholicae
2331 3873 2731 3985 singulare
2811 3874 3118 3986 sibique
3204 3874 3436 3960 unice

772 4035 1176 4147 proprium
1243 4035 1637 4121 doctrinas
1681 4035 2054 4121 divinitus
2098 4044 2462 4147 acceptas
2515 4035 3226 4146 auctoritatemque
3270 4066 3438 4121 ma-

774 4196 1082 4309 gisterii
1158 4226 1338 4282 cum
1425 4195 1708 4283 ceteris
1795 4198 1896 4280 ad
1980 4197 2322 4283 salutem
2408 4197 2881 4283 caelestibus
2965 4197 3440 4285 adiumentis

775 4361 1008 4472 plene
1074 4359 1492 4471 complecti
1557 4367 1638 4446 et
1701 4360 2154 4470 incorrupta
2218 4359 2680 4471 integritate
2736 4359 2967 4464 tueri,
3014 4359 3305 4445 idcirco
3357 4359 3439 4444 in

777 4520 1030 4632 ipsam
1091 4521 1433 4605 maxima
1498 4529 1632 4607 est·
1684 4519 2182 4606 inimicorum
2233 4521 2639 4606 iracundia
2683 4520 3186 4631 impetusque
3254 4549 3439 4608 con-

776 4710 1073 4767 versus
1144 4729 1262 4744 —
1327 4682 1559 4767 Nunc
1626 4709 1812 4768 vero
1877 4681 1958 4765 in
2022 4681 2119 4766 iis
2183 4684 2445 4786 rebuS,
2513 4710 2717 4794 quae
2784 4682 3256 4794 religionem
3320 4689 3441 4769 at-

779 4840 1124 4952 tingunt,
1172 4847 1574 4951 spectetur
1617 4842 1808 4951 quid
1853 4848 2062 4953 agat,
2109 4843 2576 4953 praesertim
2640 4841 2777 4927 ubi
2842 4850 2964 4936 est
3009 4846 3108 4928 ad
3151 4844 3442 4956 agendi

778 5002 1181 5089 licentiam
1242 5002 1586 5107 liberior,
1654 5010 1871 5089 secta
1933 5003 2432 5090 Massonum:
2500 5003 2977 5114 omninoque
3023 5003 3438 5108 iudicetur,

781 5190 1043 5249 nonne
1107 5161 1340 5273 plane
1403 5192 1490 5249 re
1557 5163 1841 5273 exequi
1928 5164 2590 5250 Naturalistarum
2675 5167 2993 5251 decreta
3053 5163 3259 5250 velle
3321 5163 3439 5249 vi-

787 5328 1088 5411 deatur.
1158 5328 1436 5439 Longo
1480 5356 1669 5414 sane
1712 5327 2253 5437 pertinacique
2318 5327 2587 5414 labore
2653 5327 2732 5411 in
2780 5327 2861 5411 id
2905 5329 3135 5412 datur
3177 5353 3436 5436 opera,
