<?xml version="1.0" encoding="UTF-8"?>
<!DOCTYPE html PUBLIC "-//W3C//DTD XHTML 1.0 Transitional//EN"
    "http://www.w3.org/TR/xhtml1/DTD/xhtml1-transitional.dtd">
<html xmlns="http://www.w3.org/1999/xhtml" xml:lang="en" lang="en">
 <head>
  <title>
</title>
<meta http-equiv="Content-Type" content="text/html;charset=utf-8" />
  <meta name='ocr-system' content='tesseract 3.04.00' />
  <meta name='ocr-capabilities' content='ocr_page ocr_carea ocr_par ocr_line ocrx_word'/>
</head>
<body>
  <div class='ocr_page' id='page_1' title='image "./leonisxiiiponti00churgoog_0104.png"; bbox 0 0 4497 6714; ppageno 0'>
   <div class='ocr_carea' id='block_1_1' title="bbox 1265 795 1368 873">
    <p class='ocr_par' dir='ltr' id='par_1_1' title="bbox 1265 795 1368 873">
     <span class='ocr_line' id='line_1_1' title="bbox 1265 795 1368 873; baseline 0.01 -1"><span class='ocrx_word' id='word_1_1' title='bbox 1265 795 1368 873; x_wconf 75' lang='lat'>92</span> 
     </span>
    </p>
   </div>
   <div class='ocr_carea' id='block_1_2' title="bbox 1109 980 3776 3020">
    <p class='ocr_par' dir='ltr' id='par_1_2' title="bbox 1104 980 3776 3020">
     <span class='ocr_line' id='line_1_2' title="bbox 1113 980 3765 1091; baseline 0.002 -28"><span class='ocrx_word' id='word_1_2' title='bbox 1113 1008 1266 1090; x_wconf 93' lang='lat' dir='ltr'>que</span> <span class='ocrx_word' id='word_1_3' title='bbox 1331 980 1748 1091; x_wconf 80' lang='lat' dir='ltr'>plusquam</span> <span class='ocrx_word' id='word_1_4' title='bbox 1816 982 2267 1066; x_wconf 90' lang='lat' dir='ltr'>centenaria</span> <span class='ocrx_word' id='word_1_5' title='bbox 2301 982 2631 1067; x_wconf 77' lang='lat' dir='ltr'>solemni</span> <span class='ocrx_word' id='word_1_6' title='bbox 2668 981 3440 1084; x_wconf 78' lang='lat' dir='ltr'>commemoratione,</span> <span class='ocrx_word' id='word_1_7' title='bbox 3488 984 3765 1067; x_wconf 88' lang='lat' dir='ltr'>eadem</span> 
     </span>
     <span class='ocr_line' id='line_1_3' title="bbox 1111 1143 3765 1255; baseline 0.002 -29"><span class='ocrx_word' id='word_1_8' title='bbox 1111 1171 1422 1252; x_wconf 89' lang='lat' dir='ltr'>semper</span> <span class='ocrx_word' id='word_1_9' title='bbox 1488 1143 1744 1228; x_wconf 92' lang='lat' dir='ltr'>cultus</span> <span class='ocrx_word' id='word_1_10' title='bbox 1809 1145 2312 1254; x_wconf 76' lang='lat' dir='ltr'>praestantia,</span> <span class='ocrx_word' id='word_1_11' title='bbox 2382 1147 2818 1255; x_wconf 91' lang='lat' dir='ltr'>eodemque</span> <span class='ocrx_word' id='word_1_12' title='bbox 2861 1143 3183 1230; x_wconf 92' lang='lat' dir='ltr'>honoris</span> <span class='ocrx_word' id='word_1_13' title='bbox 3249 1146 3546 1232; x_wconf 90' lang='lat' dir='ltr'>tributo</span> <span class='ocrx_word' id='word_1_14' title='bbox 3609 1149 3765 1232; x_wconf 85' lang='lat' dir='ltr'>Ec-</span> 
     </span>
     <span class='ocr_line' id='line_1_4' title="bbox 1112 1302 3765 1413; baseline 0.002 -28"><span class='ocrx_word' id='word_1_15' title='bbox 1112 1303 1349 1386; x_wconf 87' lang='lat' dir='ltr'>clesia</span> <span class='ocrx_word' id='word_1_16' title='bbox 1415 1302 1764 1388; x_wconf 82' lang='lat' dir='ltr'>celebrat</span> <span class='ocrx_word' id='word_1_17' title='bbox 1826 1313 2326 1390; x_wconf 81' lang='lat' dir='ltr'>recurrentes</span> <span class='ocrx_word' id='word_1_18' title='bbox 2393 1306 2563 1390; x_wconf 89' lang='lat' dir='ltr'>eius</span> <span class='ocrx_word' id='word_1_19' title='bbox 2598 1305 3145 1413; x_wconf 80' lang='lat' dir='ltr'>mysteriorum</span> <span class='ocrx_word' id='word_1_20' title='bbox 3181 1306 3765 1409; x_wconf 84' lang='lat' dir='ltr'>solemnitates3</span> 
     </span>
     <span class='ocr_line' id='line_1_5' title="bbox 1113 1464 3769 1578; baseline 0.003 -33"><span class='ocrx_word' id='word_1_21' title='bbox 1113 1492 1291 1546; x_wconf 89' lang='lat' dir='ltr'>cum</span> <span class='ocrx_word' id='word_1_22' title='bbox 1357 1464 1453 1565; x_wconf 87' lang='lat' dir='ltr'>de</span> <span class='ocrx_word' id='word_1_23' title='bbox 1522 1470 1833 1549; x_wconf 87' lang='lat' dir='ltr'>caetero</span> <span class='ocrx_word' id='word_1_24' title='bbox 1932 1464 2192 1548; x_wconf 89' lang='lat' dir='ltr'>cultus</span> <span class='ocrx_word' id='word_1_25' title='bbox 2279 1465 2667 1576; x_wconf 88' lang='lat' dir='ltr'>Deiparae</span> <span class='ocrx_word' id='word_1_26' title='bbox 2756 1466 2837 1548; x_wconf 90' lang='lat' dir='ltr'>in</span> <span class='ocrx_word' id='word_1_27' title='bbox 2917 1465 3275 1550; x_wconf 84' lang='lat' dir='ltr'>Ecclesia</span> <span class='ocrx_word' id='word_1_28' title='bbox 3361 1466 3769 1578; x_wconf 83' lang='lat' dir='ltr'>sitplane</span> 
     </span>
     <span class='ocr_line' id='line_1_6' title="bbox 1112 1624 3703 1738; baseline 0.002 -31"><span class='ocrx_word' id='word_1_29' title='bbox 1112 1624 1633 1734; x_wconf 77' lang='lat' dir='ltr'>quotidianUS,</span> <span class='ocrx_word' id='word_1_30' title='bbox 1702 1654 1793 1710; x_wconf 89' lang='lat' dir='ltr'>ac</span> <span class='ocrx_word' id='word_1_31' title='bbox 1856 1654 2100 1736; x_wconf 88' lang='lat' dir='ltr'>prope</span> <span class='ocrx_word' id='word_1_32' title='bbox 2171 1627 2387 1710; x_wconf 90' lang='lat' dir='ltr'>nulla</span> <span class='ocrx_word' id='word_1_33' title='bbox 2450 1627 3255 1738; x_wconf 83' lang='lat' dir='ltr'>temporismensura</span> <span class='ocrx_word' id='word_1_34' title='bbox 3297 1628 3703 1714; x_wconf 77' lang='lat' dir='ltr'>limitatus,</span> 
     </span>
     <span class='ocr_line' id='line_1_7' title="bbox 1297 1783 3769 1895; baseline 0.001 -26"><span class='ocrx_word' id='word_1_35' title='bbox 1297 1787 1518 1870; x_wconf 88' lang='lat' dir='ltr'>Haec</span> <span class='ocrx_word' id='word_1_36' title='bbox 1582 1814 1852 1895; x_wconf 86' lang='lat' dir='ltr'>pauca,</span> <span class='ocrx_word' id='word_1_37' title='bbox 1891 1783 2016 1870; x_wconf 90' lang='lat' dir='ltr'>vel</span> <span class='ocrx_word' id='word_1_38' title='bbox 2052 1784 2340 1871; x_wconf 88' lang='lat' dir='ltr'>leviter</span> <span class='ocrx_word' id='word_1_39' title='bbox 2375 1793 2680 1871; x_wconf 88' lang='lat' dir='ltr'>tantum</span> <span class='ocrx_word' id='word_1_40' title='bbox 2749 1789 3233 1889; x_wconf 88' lang='lat' dir='ltr'>adumbrata,</span> <span class='ocrx_word' id='word_1_41' title='bbox 3269 1787 3459 1871; x_wconf 91' lang='lat' dir='ltr'>satis</span> <span class='ocrx_word' id='word_1_42' title='bbox 3505 1795 3769 1873; x_wconf 90' lang='lat' dir='ltr'>osten-</span> 
     </span>
     <span class='ocr_line' id='line_1_8' title="bbox 1110 1945 3771 2059; baseline 0.002 -30"><span class='ocrx_word' id='word_1_43' title='bbox 1110 1948 1307 2031; x_wconf 88' lang='lat' dir='ltr'>dunt</span> <span class='ocrx_word' id='word_1_44' title='bbox 1380 1946 1877 2057; x_wconf 83' lang='lat' dir='ltr'>prudentiam</span> <span class='ocrx_word' id='word_1_45' title='bbox 1965 1945 2248 2032; x_wconf 83' lang='lat' dir='ltr'>Sacrae</span> <span class='ocrx_word' id='word_1_46' title='bbox 2339 1947 3024 2058; x_wconf 77' lang='lat' dir='ltr'>CongregationiS,</span> <span class='ocrx_word' id='word_1_47' title='bbox 3095 1977 3295 2058; x_wconf 89' lang='lat' dir='ltr'>quae</span> <span class='ocrx_word' id='word_1_48' title='bbox 3374 1948 3771 2059; x_wconf 89' lang='lat' dir='ltr'>proposito</span> 
     </span>
     <span class='ocr_line' id='line_1_9' title="bbox 1109 2106 3769 2219; baseline 0.002 -29"><span class='ocrx_word' id='word_1_49' title='bbox 1109 2107 1390 2191; x_wconf 89' lang='lat' dir='ltr'>dubio:</span> <span class='ocrx_word' id='word_1_50' title='bbox 1466 2143 1509 2183; x_wconf 93' lang='lat'>«</span> <span class='ocrx_word' id='word_1_51' title='bbox 1560 2106 1684 2190; x_wconf 87' lang='lat' dir='ltr'>An</span> <span class='ocrx_word' id='word_1_52' title='bbox 1750 2107 1990 2193; x_wconf 89' lang='lat' dir='ltr'>recoli</span> <span class='ocrx_word' id='word_1_53' title='bbox 2060 2107 2427 2218; x_wconf 77' lang='lat' dir='ltr'>expediat</span> <span class='ocrx_word' id='word_1_54' title='bbox 2493 2137 2698 2194; x_wconf 88' lang='lat' dir='ltr'>anno</span> <span class='ocrx_word' id='word_1_55' title='bbox 2743 2109 3099 2219; x_wconf 81' lang='lat' dir='ltr'>proximo</span> <span class='ocrx_word' id='word_1_56' title='bbox 3155 2109 3385 2196; x_wconf 74' lang='lat'>1885</span> <span class='ocrx_word' id='word_1_57' title='bbox 3456 2109 3537 2193; x_wconf 90' lang='lat' dir='ltr'>in</span> <span class='ocrx_word' id='word_1_58' title='bbox 3603 2115 3769 2195; x_wconf 92' lang='lat' dir='ltr'>toto</span> 
     </span>
     <span class='ocr_line' id='line_1_10' title="bbox 1112 2266 3774 2354; baseline 0.001 -3"><span class='ocrx_word' id='word_1_59' title='bbox 1112 2267 1319 2352; x_wconf 85' lang='lat' dir='ltr'>Orbe</span> <span class='ocrx_word' id='word_1_60' title='bbox 1385 2266 1836 2352; x_wconf 86' lang='lat' dir='ltr'>centenaria</span> <span class='ocrx_word' id='word_1_61' title='bbox 1902 2266 2544 2353; x_wconf 86' lang='lat' dir='ltr'>commemoratio</span> <span class='ocrx_word' id='word_1_62' title='bbox 2611 2268 3063 2353; x_wconf 84' lang='lat' dir='ltr'>Nativitatis</span> <span class='ocrx_word' id='word_1_63' title='bbox 3131 2270 3430 2354; x_wconf 88' lang='lat' dir='ltr'>Beatae</span> <span class='ocrx_word' id='word_1_64' title='bbox 3478 2268 3774 2354; x_wconf 86' lang='lat' dir='ltr'>Mariae</span> 
     </span>
     <span class='ocr_line' id='line_1_11' title="bbox 1113 2427 3776 2540; baseline -0 -26"><span class='ocrx_word' id='word_1_65' title='bbox 1113 2427 1512 2538; x_wconf 53' lang='lat' dir='ltr'>Virginis&amp;</span> <span class='ocrx_word' id='word_1_66' title='bbox 1554 2463 1597 2504; x_wconf 93' lang='lat'>»</span> <span class='ocrx_word' id='word_1_67' title='bbox 1672 2437 1977 2513; x_wconf 87' lang='lat' dir='ltr'>mature</span> <span class='ocrx_word' id='word_1_68' title='bbox 2044 2427 2408 2539; x_wconf 83' lang='lat' dir='ltr'>expensis</span> <span class='ocrx_word' id='word_1_69' title='bbox 2492 2429 2895 2533; x_wconf 77' lang='lat' dir='ltr'>omnibuS,</span> <span class='ocrx_word' id='word_1_70' title='bbox 2976 2429 3333 2513; x_wconf 90' lang='lat' dir='ltr'>unanimi</span> <span class='ocrx_word' id='word_1_71' title='bbox 3399 2428 3776 2540; x_wconf 80' lang='lat' dir='ltr'>suffragio</span> 
     </span>
     <span class='ocr_line' id='line_1_12' title="bbox 1112 2584 3774 2702; baseline 0.001 -31.994"><span class='ocrx_word' id='word_1_72' title='bbox 1112 2588 1517 2697; x_wconf 83' lang='lat' dir='ltr'>respondit</span> <span class='ocrx_word' id='word_1_73' title='bbox 1579 2620 1726 2676; x_wconf 71' lang='lat' dir='ltr'>non</span> <span class='ocrx_word' id='word_1_74' title='bbox 1783 2584 2181 2702; x_wconf 50' lang='lat' dir='ltr'>‘expedire‘</span> <span class='ocrx_word' id='word_1_75' title='bbox 2223 2588 2469 2673; x_wconf 86' lang='lat' dir='ltr'>Valde</span> <span class='ocrx_word' id='word_1_76' title='bbox 2535 2596 2800 2675; x_wconf 88' lang='lat' dir='ltr'>tamen</span> <span class='ocrx_word' id='word_1_77' title='bbox 2866 2589 3239 2691; x_wconf 89' lang='lat' dir='ltr'>laudavit,</span> <span class='ocrx_word' id='word_1_78' title='bbox 3291 2620 3382 2675; x_wconf 87' lang='lat' dir='ltr'>ac</span> <span class='ocrx_word' id='word_1_79' title='bbox 3430 2588 3774 2676; x_wconf 89' lang='lat' dir='ltr'>Sanctis-</span> 
     </span>
     <span class='ocr_line' id='line_1_13' title="bbox 1115 2748 3775 2861; baseline 0 -28"><span class='ocrx_word' id='word_1_80' title='bbox 1115 2748 1311 2835; x_wconf 90' lang='lat' dir='ltr'>simo</span> <span class='ocrx_word' id='word_1_81' title='bbox 1375 2749 1714 2834; x_wconf 91' lang='lat' dir='ltr'>Domino</span> <span class='ocrx_word' id='word_1_82' title='bbox 1779 2751 2293 2834; x_wconf 87' lang='lat' dir='ltr'>deferendum</span> <span class='ocrx_word' id='word_1_83' title='bbox 2336 2749 2608 2851; x_wconf 85' lang='lat' dir='ltr'>voluit,</span> <span class='ocrx_word' id='word_1_84' title='bbox 2656 2750 2874 2861; x_wconf 91' lang='lat' dir='ltr'>pium</span> <span class='ocrx_word' id='word_1_85' title='bbox 2939 2757 3056 2834; x_wconf 91' lang='lat' dir='ltr'>tot</span> <span class='ocrx_word' id='word_1_86' title='bbox 3113 2749 3775 2861; x_wconf 89' lang='lat' dir='ltr'>praeclarissimo-</span> 
     </span>
     <span class='ocr_line' id='line_1_14' title="bbox 1115 2909 3776 3020; baseline -0 -25"><span class='ocrx_word' id='word_1_87' title='bbox 1115 2939 1292 2995; x_wconf 89' lang='lat' dir='ltr'>rum</span> <span class='ocrx_word' id='word_1_88' title='bbox 1387 2909 1954 3020; x_wconf 82' lang='lat' dir='ltr'>postulantium</span> <span class='ocrx_word' id='word_1_89' title='bbox 2061 2910 2540 2994; x_wconf 88' lang='lat' dir='ltr'>desiderium</span> <span class='ocrx_word' id='word_1_90' title='bbox 2627 2910 3051 2996; x_wconf 79' lang='lat' dir='ltr'>exhibendi</span> <span class='ocrx_word' id='word_1_91' title='bbox 3153 2912 3538 2997; x_wconf 82' lang='lat' dir='ltr'>Genitrici</span> <span class='ocrx_word' id='word_1_92' title='bbox 3627 2909 3776 2996; x_wconf 89' lang='lat' dir='ltr'>Dei</span> 
     </span>
    </p>
   </div>
   <div class='ocr_carea' id='block_1_3' title="bbox 970 3063 3775 3182">
    <p class='ocr_par' dir='ltr' id='par_1_3' title="bbox 970 3063 3775 3182">
     <span class='ocr_line' id='line_1_15' title="bbox 970 3063 3775 3182; baseline -0 -27"><span class='ocrx_word' id='word_1_93' title='bbox 970 3063 993 3079; x_wconf 66' lang='lat'><em>⁶</em></span> <span class='ocrx_word' id='word_1_94' title='bbox 1116 3070 1506 3181; x_wconf 78' lang='lat' dir='ltr'>gloriosae</span> <span class='ocrx_word' id='word_1_95' title='bbox 1574 3099 1862 3154; x_wconf 88' lang='lat' dir='ltr'>novum</span> <span class='ocrx_word' id='word_1_96' title='bbox 1927 3069 2244 3180; x_wconf 87' lang='lat' dir='ltr'>aliquod</span> <span class='ocrx_word' id='word_1_97' title='bbox 2311 3071 2670 3181; x_wconf 89' lang='lat' dir='ltr'>obsequii</span> <span class='ocrx_word' id='word_1_98' title='bbox 2719 3101 2809 3156; x_wconf 86' lang='lat' dir='ltr'>ac</span> <span class='ocrx_word' id='word_1_99' title='bbox 2865 3072 3122 3156; x_wconf 90' lang='lat' dir='ltr'>filialis</span> <span class='ocrx_word' id='word_1_100' title='bbox 3167 3072 3453 3157; x_wconf 90' lang='lat' dir='ltr'>amoris</span> <span class='ocrx_word' id='word_1_101' title='bbox 3518 3072 3775 3182; x_wconf 92' lang='lat' dir='ltr'>publi-</span> 
     </span>
    </p>
   </div>
   <div class='ocr_carea' id='block_1_4' title="bbox 1113 3230 3782 5433">
    <p class='ocr_par' dir='ltr' id='par_1_4' title="bbox 1113 3230 3773 3824">
     <span class='ocr_line' id='line_1_16' title="bbox 1118 3230 3773 3343; baseline -0.001 -27"><span class='ocrx_word' id='word_1_102' title='bbox 1118 3260 1298 3316; x_wconf 89' lang='lat' dir='ltr'>cum</span> <span class='ocrx_word' id='word_1_103' title='bbox 1363 3238 1918 3341; x_wconf 79' lang='lat' dir='ltr'>argumentum</span> <span class='ocrx_word' id='word_1_104' title='bbox 1984 3260 2123 3342; x_wconf 89' lang='lat' dir='ltr'>pro</span> <span class='ocrx_word' id='word_1_105' title='bbox 2190 3231 2411 3315; x_wconf 89' lang='lat' dir='ltr'>novis</span> <span class='ocrx_word' id='word_1_106' title='bbox 2456 3232 2759 3316; x_wconf 88' lang='lat' dir='ltr'>iniuriis</span> <span class='ocrx_word' id='word_1_107' title='bbox 2804 3262 2850 3315; x_wconf 90' lang='lat' dir='ltr'>a</span> <span class='ocrx_word' id='word_1_108' title='bbox 2893 3232 3219 3343; x_wconf 85' lang='lat' dir='ltr'>perditis</span> <span class='ocrx_word' id='word_1_109' title='bbox 3251 3230 3773 3342; x_wconf 87' lang='lat' dir='ltr'>blasphemis-</span> 
     </span>
     <span class='ocr_line' id='line_1_17' title="bbox 1113 3390 3773 3505; baseline 0 -29"><span class='ocrx_word' id='word_1_110' title='bbox 1113 3421 1268 3503; x_wconf 91' lang='lat' dir='ltr'>que</span> <span class='ocrx_word' id='word_1_111' title='bbox 1331 3390 1782 3479; x_wconf 87' lang='lat' dir='ltr'>hominibus</span> <span class='ocrx_word' id='word_1_112' title='bbox 1848 3392 1921 3478; x_wconf 90' lang='lat' dir='ltr'>ei</span> <span class='ocrx_word' id='word_1_113' title='bbox 1986 3391 2290 3497; x_wconf 83' lang='lat' dir='ltr'>inlatis3</span> <span class='ocrx_word' id='word_1_114' title='bbox 2345 3393 2503 3503; x_wconf 90' lang='lat' dir='ltr'>qui,</span> <span class='ocrx_word' id='word_1_115' title='bbox 2553 3394 2965 3479; x_wconf 87' lang='lat' dir='ltr'>occasione</span> <span class='ocrx_word' id='word_1_116' title='bbox 3006 3401 3340 3505; x_wconf 88' lang='lat' dir='ltr'>arrepta,</span> <span class='ocrx_word' id='word_1_117' title='bbox 3410 3393 3649 3479; x_wconf 90' lang='lat' dir='ltr'>etiam</span> <span class='ocrx_word' id='word_1_118' title='bbox 3693 3393 3773 3476; x_wconf 91' lang='lat' dir='ltr'>in</span> 
     </span>
     <span class='ocr_line' id='line_1_18' title="bbox 1116 3552 3772 3651; baseline 0.001 -15"><span class='ocrx_word' id='word_1_119' title='bbox 1116 3553 1393 3638; x_wconf 82' lang='lat' dir='ltr'>Almae</span> <span class='ocrx_word' id='word_1_120' title='bbox 1492 3552 1660 3637; x_wconf 89' lang='lat' dir='ltr'>eius</span> <span class='ocrx_word' id='word_1_121' title='bbox 1749 3553 2050 3636; x_wconf 89' lang='lat' dir='ltr'>Domus</span> <span class='ocrx_word' id='word_1_122' title='bbox 2138 3554 2675 3638; x_wconf 84' lang='lat' dir='ltr'>Lauretanum</span> <span class='ocrx_word' id='word_1_123' title='bbox 2742 3553 3285 3651; x_wconf 82' lang='lat' dir='ltr'>Sanctuarium</span> <span class='ocrx_word' id='word_1_124' title='bbox 3351 3561 3518 3640; x_wconf 91' lang='lat' dir='ltr'>toto</span> <span class='ocrx_word' id='word_1_125' title='bbox 3586 3556 3772 3640; x_wconf 87' lang='lat' dir='ltr'>orbe</span> 
     </span>
     <span class='ocr_line' id='line_1_19' title="bbox 1120 3713 2819 3824; baseline -0.001 -24"><span class='ocrx_word' id='word_1_126' title='bbox 1120 3715 1724 3802; x_wconf 90' lang='lat' dir='ltr'>celeberrimum</span> <span class='ocrx_word' id='word_1_127' title='bbox 1790 3721 2173 3799; x_wconf 90' lang='lat' dir='ltr'>acuerunt</span> <span class='ocrx_word' id='word_1_128' title='bbox 2236 3713 2550 3824; x_wconf 82' lang='lat' dir='ltr'>linguas</span> <span class='ocrx_word' id='word_1_129' title='bbox 2616 3745 2819 3799; x_wconf 69' lang='lat' dir='ltr'>suas</span> 
     </span>
    </p>

    <p class='ocr_par' dir='ltr' id='par_1_5' title="bbox 1117 3866 3782 5433">
     <span class='ocr_line' id='line_1_20' title="bbox 1306 3866 3775 3987; baseline -0 -26"><span class='ocrx_word' id='word_1_130' title='bbox 1306 3879 1551 3961; x_wconf 84' lang='lat' dir='ltr'>Facta</span> <span class='ocrx_word' id='word_1_131' title='bbox 1614 3903 1800 3960; x_wconf 86' lang='lat' dir='ltr'>vero</span> <span class='ocrx_word' id='word_1_132' title='bbox 1865 3878 1961 3959; x_wconf 89' lang='lat' dir='ltr'>de</span> <span class='ocrx_word' id='word_1_133' title='bbox 2026 3873 2152 3958; x_wconf 89' lang='lat' dir='ltr'>his</span> <span class='ocrx_word' id='word_1_134' title='bbox 2214 3904 2357 3985; x_wconf 89' lang='lat' dir='ltr'>per</span> <span class='ocrx_word' id='word_1_135' title='bbox 2420 3904 2547 3959; x_wconf 92' lang='lat' dir='ltr'>me</span> <span class='ocrx_word' id='word_1_136' title='bbox 2631 3876 3214 3987; x_wconf 86' lang='lat' dir='ltr'>infrascriptum</span> <span class='ocrx_word' id='word_1_137' title='bbox 3282 3866 3775 3963; x_wconf 83' lang='lat' dir='ltr'>Cardinalcn1</span> 
     </span>
     <span class='ocr_line' id='line_1_21' title="bbox 1117 4034 3774 4149; baseline -0.001 -26"><span class='ocrx_word' id='word_1_138' title='bbox 1117 4037 1329 4124; x_wconf 90' lang='lat' dir='ltr'>fideli</span> <span class='ocrx_word' id='word_1_139' title='bbox 1393 4037 1796 4135; x_wconf 83' lang='lat' dir='ltr'>relatione,</span> <span class='ocrx_word' id='word_1_140' title='bbox 1867 4034 2256 4120; x_wconf 84' lang='lat' dir='ltr'>Sanctitas</span> <span class='ocrx_word' id='word_1_141' title='bbox 2325 4036 2481 4121; x_wconf 88' lang='lat' dir='ltr'>Sua</span> <span class='ocrx_word' id='word_1_142' title='bbox 2548 4036 2830 4122; x_wconf 77' lang='lat' dir='ltr'>Sacrae</span> <span class='ocrx_word' id='word_1_143' title='bbox 2900 4037 3560 4149; x_wconf 82' lang='lat' dir='ltr'>Congregationis</span> <span class='ocrx_word' id='word_1_144' title='bbox 3596 4067 3774 4123; x_wconf 91' lang='lat' dir='ltr'>sen-</span> 
     </span>
     <span class='ocr_line' id='line_1_22' title="bbox 1120 4195 3775 4287; baseline -0.001 -3"><span class='ocrx_word' id='word_1_145' title='bbox 1120 4198 1450 4285; x_wconf 88' lang='lat' dir='ltr'>tentiam</span> <span class='ocrx_word' id='word_1_146' title='bbox 1516 4195 1597 4280; x_wconf 91' lang='lat' dir='ltr'>in</span> <span class='ocrx_word' id='word_1_147' title='bbox 1663 4195 2025 4281; x_wconf 89' lang='lat' dir='ltr'>omnibus</span> <span class='ocrx_word' id='word_1_148' title='bbox 2089 4202 2341 4279; x_wconf 87' lang='lat' dir='ltr'>ratam</span> <span class='ocrx_word' id='word_1_149' title='bbox 2404 4195 2682 4282; x_wconf 86' lang='lat' dir='ltr'>habuit</span> <span class='ocrx_word' id='word_1_150' title='bbox 2749 4205 2828 4282; x_wconf 90' lang='lat' dir='ltr'>et</span> <span class='ocrx_word' id='word_1_151' title='bbox 2889 4198 3402 4287; x_wconf 88' lang='lat' dir='ltr'>confirmavit.</span> <span class='ocrx_word' id='word_1_152' title='bbox 3452 4201 3775 4283; x_wconf 88' lang='lat' dir='ltr'>Manda-</span> 
     </span>
     <span class='ocr_line' id='line_1_23' title="bbox 1119 4357 3776 4468; baseline 0 -25"><span class='ocrx_word' id='word_1_153' title='bbox 1119 4359 1389 4468; x_wconf 84' lang='lat' dir='ltr'>vitque</span> <span class='ocrx_word' id='word_1_154' title='bbox 1457 4360 1555 4441; x_wconf 90' lang='lat' dir='ltr'>ad</span> <span class='ocrx_word' id='word_1_155' title='bbox 1619 4363 2377 4467; x_wconf 89' lang='lat' dir='ltr'>supramemoratum</span> <span class='ocrx_word' id='word_1_156' title='bbox 2443 4357 2815 4443; x_wconf 83' lang='lat' dir='ltr'>effectum</span> <span class='ocrx_word' id='word_1_157' title='bbox 2881 4389 2926 4442; x_wconf 90' lang='lat' dir='ltr'>a</span> <span class='ocrx_word' id='word_1_158' title='bbox 2991 4359 3215 4444; x_wconf 75' lang='lat' dir='ltr'>Rffiis</span> <span class='ocrx_word' id='word_1_159' title='bbox 3248 4360 3597 4446; x_wconf 91' lang='lat' dir='ltr'>locorum</span> <span class='ocrx_word' id='word_1_160' title='bbox 3633 4360 3776 4445; x_wconf 90' lang='lat' dir='ltr'>Or-</span> 
     </span>
     <span class='ocr_line' id='line_1_24' title="bbox 1123 4514 3777 4605; baseline 0.002 -5"><span class='ocrx_word' id='word_1_161' title='bbox 1123 4515 1445 4600; x_wconf 89' lang='lat' dir='ltr'>dinariis</span> <span class='ocrx_word' id='word_1_162' title='bbox 1511 4515 1889 4600; x_wconf 88' lang='lat' dir='ltr'>celebrari</span> <span class='ocrx_word' id='word_1_163' title='bbox 1958 4514 2038 4598; x_wconf 92' lang='lat' dir='ltr'>in</span> <span class='ocrx_word' id='word_1_164' title='bbox 2105 4515 2268 4599; x_wconf 88' lang='lat' dir='ltr'>suis</span> <span class='ocrx_word' id='word_1_165' title='bbox 2333 4514 2852 4603; x_wconf 89' lang='lat' dir='ltr'>Dioeccsibus</span> <span class='ocrx_word' id='word_1_166' title='bbox 2887 4517 3248 4603; x_wconf 90' lang='lat' dir='ltr'>triduana</span> <span class='ocrx_word' id='word_1_167' title='bbox 3303 4523 3584 4605; x_wconf 86' lang='lat' dir='ltr'>devota</span> <span class='ocrx_word' id='word_1_168' title='bbox 3649 4549 3777 4605; x_wconf 93' lang='lat' dir='ltr'>so-</span> 
     </span>
     <span class='ocr_line' id='line_1_25' title="bbox 1120 4675 3778 4789; baseline 0.003 -31"><span class='ocrx_word' id='word_1_169' title='bbox 1120 4675 1411 4759; x_wconf 89' lang='lat' dir='ltr'>lemnia</span> <span class='ocrx_word' id='word_1_170' title='bbox 1474 4675 1751 4761; x_wconf 91' lang='lat' dir='ltr'>diebus</span> <span class='ocrx_word' id='word_1_171' title='bbox 1818 4683 2065 4776; x_wconf 80' lang='lat' dir='ltr'>sexta,</span> <span class='ocrx_word' id='word_1_172' title='bbox 2134 4675 2468 4786; x_wconf 90' lang='lat' dir='ltr'>septima</span> <span class='ocrx_word' id='word_1_173' title='bbox 2534 4684 2614 4762; x_wconf 92' lang='lat' dir='ltr'>et</span> <span class='ocrx_word' id='word_1_174' title='bbox 2679 4686 2954 4763; x_wconf 86' lang='lat' dir='ltr'>octava</span> <span class='ocrx_word' id='word_1_175' title='bbox 3020 4680 3505 4789; x_wconf 90' lang='lat' dir='ltr'>Septembris</span> <span class='ocrx_word' id='word_1_176' title='bbox 3538 4679 3778 4767; x_wconf 87' lang='lat' dir='ltr'>huius</span> 
     </span>
     <span class='ocr_line' id='line_1_26' title="bbox 1120 4834 3778 4952; baseline 0.002 -31"><span class='ocrx_word' id='word_1_177' title='bbox 1120 4835 1500 4922; x_wconf 88' lang='lat' dir='ltr'>vertentis</span> <span class='ocrx_word' id='word_1_178' title='bbox 1563 4834 1747 4919; x_wconf 87' lang='lat' dir='ltr'>anni</span> <span class='ocrx_word' id='word_1_179' title='bbox 1821 4835 2055 4921; x_wconf 73' lang='grc'>1884</span> <span class='ocrx_word' id='word_1_180' title='bbox 2121 4836 2200 4919; x_wconf 92' lang='lat' dir='ltr'>in</span> <span class='ocrx_word' id='word_1_181' title='bbox 2267 4835 2649 4923; x_wconf 90' lang='lat' dir='ltr'>honorem</span> <span class='ocrx_word' id='word_1_182' title='bbox 2715 4840 3235 4926; x_wconf 88' lang='lat' dir='ltr'>Beatissimae</span> <span class='ocrx_word' id='word_1_183' title='bbox 3272 4841 3642 4952; x_wconf 88' lang='lat' dir='ltr'>Virginis,</span> <span class='ocrx_word' id='word_1_184' title='bbox 3679 4845 3778 4927; x_wconf 90' lang='lat' dir='ltr'>ad</span> 
     </span>
     <span class='ocr_line' id='line_1_27' title="bbox 1123 4996 3782 5116; baseline 0.003 -35"><span class='ocrx_word' id='word_1_185' title='bbox 1123 4996 1368 5081; x_wconf 89' lang='lat' dir='ltr'>instar</span> <span class='ocrx_word' id='word_1_186' title='bbox 1432 5023 1702 5081; x_wconf 92' lang='lat' dir='ltr'>eorum</span> <span class='ocrx_word' id='word_1_187' title='bbox 1748 5023 1951 5104; x_wconf 89' lang='lat' dir='ltr'>quae</span> <span class='ocrx_word' id='word_1_188' title='bbox 1996 4997 2297 5082; x_wconf 85' lang='lat' dir='ltr'>Romae</span> <span class='ocrx_word' id='word_1_189' title='bbox 2364 4997 2443 5081; x_wconf 94' lang='lat' dir='ltr'>in</span> <span class='ocrx_word' id='word_1_190' title='bbox 2509 5000 2804 5110; x_wconf 90' lang='lat' dir='ltr'>templo</span> <span class='ocrx_word' id='word_1_191' title='bbox 2844 5001 3177 5086; x_wconf 87' lang='lat' dir='ltr'>Sanctae</span> <span class='ocrx_word' id='word_1_192' title='bbox 3215 5002 3508 5089; x_wconf 89' lang='lat' dir='ltr'>Mariae</span> <span class='ocrx_word' id='word_1_193' title='bbox 3543 5034 3782 5116; x_wconf 88' lang='lat' dir='ltr'>supra</span> 
     </span>
     <span class='ocr_line' id='line_1_28' title="bbox 1124 5154 3781 5277; baseline 0.004 -37"><span class='ocrx_word' id='word_1_194' title='bbox 1124 5155 1582 5257; x_wconf 89' lang='lat' dir='ltr'>Minervam,</span> <span class='ocrx_word' id='word_1_195' title='bbox 1649 5155 1871 5240; x_wconf 91' lang='lat' dir='ltr'>iussu</span> <span class='ocrx_word' id='word_1_196' title='bbox 1934 5154 2289 5243; x_wconf 88' lang='lat' dir='ltr'>eiusdem</span> <span class='ocrx_word' id='word_1_197' title='bbox 2354 5158 2838 5245; x_wconf 88' lang='lat' dir='ltr'>Sanctissimi</span> <span class='ocrx_word' id='word_1_198' title='bbox 2904 5163 3258 5266; x_wconf 89' lang='lat' dir='ltr'>Domini,</span> <span class='ocrx_word' id='word_1_199' title='bbox 3324 5166 3781 5277; x_wconf 89' lang='lat' dir='ltr'>propediem</span> 
     </span>
     <span class='ocr_line' id='line_1_29' title="bbox 1125 5315 3776 5433; baseline 0.005 -34"><span class='ocrx_word' id='word_1_200' title='bbox 1125 5322 1357 5400; x_wconf 89' lang='lat' dir='ltr'>erunt</span> <span class='ocrx_word' id='word_1_201' title='bbox 1421 5315 1912 5399; x_wconf 87' lang='lat' dir='ltr'>celebranda.</span> <span class='ocrx_word' id='word_1_202' title='bbox 1983 5316 2547 5427; x_wconf 79' lang='lat' dir='ltr'>Concessitque</span> <span class='ocrx_word' id='word_1_203' title='bbox 2592 5319 2978 5413; x_wconf 85' lang='lat' dir='ltr'>fidelibus,</span> <span class='ocrx_word' id='word_1_204' title='bbox 3045 5352 3184 5433; x_wconf 91' lang='lat' dir='ltr'>pro</span> <span class='ocrx_word' id='word_1_205' title='bbox 3223 5326 3573 5433; x_wconf 88' lang='lat' dir='ltr'>qualibet</span> <span class='ocrx_word' id='word_1_206' title='bbox 3606 5325 3776 5412; x_wconf 85' lang='lat' dir='ltr'>vice</span> 
     </span>
    </p>
   </div>
  </div>
 </body>
</html>
