4497 6714
3038 792 3175 868 191

669 974 902 1059 ritate
969 973 1286 1075 Christi,
1352 977 1432 1059 in
1501 1003 1690 1059 sana
1754 975 2131 1077 doctrina,
2197 977 2280 1060 in
2357 976 2662 1061 sincero
2707 978 2933 1086 ‘erga
2999 974 3336 1083 Aposto-

572 1132 583 1141 ’
672 1133 905 1218 1103111
972 1133 1454 1220 Cathedram
1500 1136 1879 1245 obsequio
1926 1135 2364 1221 coniunctis
2408 1135 2737 1247 vigilare
2782 1134 2934 1219 hoc
2980 1141 3334 1245 tempore

672 1301 909 1406 atque
975 1323 1296 1406 operam
1359 1299 1544 1382 dare
1609 1325 1709 1382 ne
1778 1295 2072 1383 Christi
2136 1296 2455 1382 Fideles
2521 1325 2617 1381 ex
2675 1294 2976 1380 insidiis
3020 1294 3335 1379 illorum

673 1454 1235 1541 detrimentum
1302 1456 1667 1568 capiant,
1769 1457 1902 1567 qui
2001 1457 2302 1542 artibus
2367 1456 2530 1542 suis
2594 1455 2956 1541 nituntur
3043 1460 3134 1540 ut
3196 1453 3336 1539 filii

673 1615 871 1702 lucis
937 1619 1034 1702 ab
1101 1616 1286 1704 ovili
1359 1617 1654 1703 Christi
1719 1618 2093 1719 abducti,
2161 1619 2307 1702 sub
2373 1622 2764 1728 potestate
2828 1617 3336 1702 tenebrarum

673 1775 914 1862 vincti
978 1784 1426 1863 teneantur.
1499 1777 1670 1882 Qua
1734 1777 1817 1863 in
1880 1806 1967 1865 re
2034 1781 2222 1863 dum
2287 1785 2597 1864 vestrae
2663 1776 2999 1877 virtutis,
3047 1774 3338 1861 Dilecti

675 1936 860 2021 Filii
906 1937 1174 2023 Nostri
1243 1946 1325 2024 et
1387 1938 1900 2025 Venerabiles
1964 1941 2311 2041 Fratres,
2378 1940 2633 2051 gloria
2697 1939 2982 2040 elucet,
3049 1966 3339 2047 magna

679 2097 919 2184 etiam
983 2100 1191 2210 apud
1255 2107 1668 2185 aeternum
1731 2102 2154 2186 Pastorum
2218 2101 2655 2213 principem
2721 2097 3136 2184 retributio
3201 2125 3340 2183 vos

678 2267 967 2364 manet,
1035 2290 1216 2346 cum
1280 2261 1688 2373 religionis
1757 2291 2040 2348 causae
2106 2265 2448 2348 tuendae
2512 2261 2946 2348 Nobiscum
3024 2259 3342 2344 adlabo-

680 2422 870 2509 retis
912 2423 1108 2508 Eius
1169 2423 1659 2510 volrmtatem
1725 2424 2166 2537 implenteS,
2236 2424 2372 2535 qui
2453 2432 2575 2509 est
2636 2425 2809 2509 Rex
2875 2424 3196 2533 Regum
3261 2426 3342 2507 et

681 2583 1070 2670 Dominus
1134 2584 1755 2687 Dominantium,
1822 2586 2118 2696 quique
2184 2586 2406 2673 vobis
2472 2585 2688 2671 dedit
2755 2590 2843 2668 ut
2901 2583 2980 2667 in
3025 2580 3344 2667 sublimi

682 2745 1115 2831 ministerio
1161 2749 1373 2856 quod
1415 2747 1697 2859 geritis
1741 2776 1881 2859 pro
1928 2748 2097 2859 ipso
2153 2747 2553 2859 legatione
2617 2744 3060 2857 fungamini
3104 2749 3344 2854 atque

683 2906 876 2991 Eius
920 2906 1215 3018 praelia
1279 2908 1792 3018 praeliemini.
1861 2909 2024 2993 Nos
2067 2909 2336 3018 itaque
2382 2907 2603 2994 vobis
2667 2935 2808 3018 pro
2873 2904 3340 2991 sacerdotali

682 3074 945 3154 vestro
1009 3067 1270 3153 animo
1337 3075 1418 3154 et
1482 3067 1742 3154 studio
1807 3067 2160 3179 impense
2227 3067 2308 3152 in
2385 3068 2724 3154 Domino
2809 3066 3344 3178 gratulamur,

686 3256 777 3314 ac
843 3227 1105 3340 ipsum
1168 3227 1490 3315 fervidis
1554 3228 1923 3339 precibus
1987 3258 2387 3341 rogamuS,
2424 3236 2514 3314 ut
2564 3227 2940 3314 virtutem
2983 3226 3204 3313 vobis
3248 3229 3348 3311 ad

684 3397 956 3477 sancta
1018 3420 1346 3479 munera
1409 3400 1672 3478 vestra
1736 3391 2135 3502 implenda
2216 3392 2299 3477 in
2376 3392 2545 3478 dies
2632 3390 2888 3502 magis
2976 3389 3345 3491 adiiciat,

689 3580 1119 3662 omnesque
1185 3559 1408 3638 actus
1472 3559 1775 3639 vestros
1839 3552 1922 3637 in
1986 3553 2467 3640 dioecesium
2530 3560 2970 3639 vestrarum
3049 3552 3349 3636 bonum

690 3712 986 3824 iugiter
1048 3713 1392 3825 dirigere
1476 3721 1556 3800 et
1639 3715 2039 3800 fortunare
2122 3714 2518 3826 dignetur.
2588 3713 3010 3824 Sperantes
3072 3714 3346 3824 Ipsum

686 3871 886 3959 haec
949 3879 1131 3959 vota
1195 3873 1482 3958 Nostra
1545 3876 1645 3957 ad
1708 3873 1830 3958 sui
1896 3874 2232 3959 nominis
2298 3874 2634 3986 gloriam
2694 3874 3043 3986 benigne
3111 3901 3343 3959 exce-

685 4041 1032 4145 pturum,
1101 4033 1181 4117 in
1247 4033 1683 4145 auspicium
1748 4035 2182 4144 gratiarum
2248 4034 2420 4120 eius
2485 4043 2567 4121 et
2630 4035 2712 4119 in
2775 4034 3066 4146 pignus
3118 4062 3347 4146 prae-

687 4196 964 4308 cipuae
1029 4196 1363 4280 Nostrae
1429 4195 1896 4298 (111001101113,
1934 4194 2465 4308 Apostolicam
2512 4195 3163 4282 Benedictionem
3206 4224 3343 4281 vo-

685 4355 808 4440 bis
874 4354 1207 4467 singulis
1273 4354 1682 4458 universis,
1751 4357 2041 4443 Dilecti
2107 4358 2293 4443 Filii
2358 4358 2624 4444 Nostri
2691 4366 2772 4444 et
2833 4358 3345 4445 Venerabiles

686 4518 1030 4620 FratreS,
1078 4545 1226 4603 nec
1272 4545 1430 4602 non
1476 4517 1781 4604 clericis
1828 4526 1908 4604 et
1951 4519 2316 4605 fidelibus
2361 4519 2745 4606 universis
2791 4520 3077 4630 quibus
3118 4548 3347 4632 prae-

688 4678 963 4765 sidetis
1028 4687 1527 4790 peramanter
1590 4679 1671 4764 in
1735 4681 2076 4768 Domino
2141 4682 2659 4794 impertimus,

875 4839 1172 4926 Datum
1204 4843 1506 4927 Romae
1542 4843 1751 4951 apud
1783 4842 1858 4929 S.
1896 4844 2227 4930 Petrum
2262 4844 2388 4930 die
2431 4845 2540 4929 12
2580 4845 3047 4931 Novembris
3081 4846 3344 4950 1884,

691 4999 1207 5087 Pontificatus
1272 5003 1538 5088 Nostri
1604 5031 1809 5089 anno
1874 5003 2233 5115 septimo.

1650 5326 1853 5412 LEO
1916 5328 2077 5411 ΡΡ.
2148 5329 2378 5412 XIII.
