4497 6714
3084 809 3226 890 139

1999 1160 2132 1246 IV.

914 1491 1394 1574 Earumdem
1460 1488 1639 1574 novi
1704 1487 1995 1573 limites
2060 1486 2300 1571 iidem
2365 1491 2618 1587 erunt,
2687 1483 2822 1593 qui
2889 1485 2988 1567 ad
3081 1482 3380 1568 facilio-

726 1678 895 1735 rem
961 1647 1312 1735 omnium
1379 1655 1695 1760 captum
1757 1647 2176 1734 vernacula
2240 1645 2515 1756 lingua
2580 1643 2942 1755 superius
3006 1642 3380 1755 descripti

732 1813 1104 1912 fuerunt,
1174 1816 1255 1895 et
1341 1808 1451 1894 ita
1536 1811 1952 1895 emendata
2035 1836 2556 1918 unaquaeque
2640 1805 2954 1919 proprio
3033 1804 3391 1891 Antistiti

732 1972 1084 2082 regenda
1146 1971 1541 2055 reddatur.

2019 2293 2109 2379 V.

931 2615 1239 2727 Singuli
1306 2623 1572 2701 autom
1638 2614 2206 2703 Christifideles
2294 2617 2431 2727 qui
2527 2617 2604 2701 in
2685 2619 3243 2705 Paroeciarum
3306 2625 3397 2703 ut

744 2805 981 2887 supra
1045 2775 1385 2861 definitis
1449 2775 1830 2861 limitibus
1898 2776 2381 2863 domicilium
2444 2778 2743 2865 habent
2801 2756 2975 2864 ⁴aut
3048 2776 3398 2863 habituri

743 2944 928 3021 sunt
993 2936 1443 3049 (dummodo
1511 2936 1832 3048 speciali
1899 2938 2382 3049 exceptionis
2476 2939 2706 3025 titulo
2771 2968 2928 3026 non
3006 2937 3396 3051 fruantur)

739 3095 1150 3201 Antistiti‚
1213 3096 1341 3182 cui
1407 3127 1503 3183 ex
1568 3126 1771 3184 nova
1836 3097 2558 3210 circumscriptione
2626 3099 3058 3210 obtigerint
3092 3164 3112 3203 ,
3212 3100 3399 3183 sub-

745 3262 1009 3338 erunt.
2000 3244 2007 3250 ’

2023 3423 2155 3507 Vl.

894 3744 1222 3838 ‚Omnia
1286 3747 1758 3830 documenta
1846 3751 1927 3830 et
1993 3744 2171 3829 libri
2264 3752 2344 3830 et
2421 3744 2711 3857 scripta
2805 3775 3005 3855 quae
3090 3749 3189 3832 ob
3255 3776 3412 3834 non

757 3910 1012 3989 certos
1077 3903 1232 3988 iam
1297 3903 1658 3989 definitos
1723 3903 2012 3989 limites
2098 3906 2197 3988 ad
2286 3905 2745 3990 alterutram
2830 3906 3030 3992 forte
3117 3908 3413 3996 refere-

755 4066 1045 4148 bantur
1107 4064 1587 4169 Paroeciam‚
1656 4093 1748 4150 ea
1813 4095 1855 4153 e
1922 4065 2341 4152 Tabulario
2406 4065 2639 4151 unius
2704 4066 3125 4154 alteriusve
3185 4067 3414 4154 Anti-

758 4224 963 4310 stitis
1026 4232 1556 4331 secernantur,
1628 4235 1708 4313 et
1771 4257 1958 4313 suae
2027 4255 2389 4338 quaeque
2476 4227 2841 4314 Dioecesi
2915 4257 3055 4340 pro
3139 4259 3405 4315 rerum

768 4385 1348 4495 opportunitate
1415 4388 1848 4471 tradantur.

2019 4710 2194 4794 VII.

962 5029 1137 5134 Hoc
1203 5029 1758 5116 Consistoriale
1824 5031 2255 5133 decretum,
2301 5059 2608 5117 summo
2674 5031 2787 5118 sic
2850 5033 3172 5121 iubente
3216 5037 3427 5121 Pon-

781 5188 1018 5294 tifice‚
1084 5190 1408 5302 perinde
1497 5192 1646 5277 erit
1732 5191 2158 5277 valiturum
2222 5219 2314 5276 ac
2381 5191 2447 5275 si
2511 5192 2863 5278 Litterae
2930 5191 3432 5303 Apostolicae

794 5351 1215 5437 sollemnes
1280 5359 1360 5437 et
1425 5353 1791 5438 formales
1856 5351 1935 5435 in
2002 5351 2079 5435 id
2144 5351 2256 5437 rei
2328 5352 2738 5462 expeditae
2805 5353 3161 5439 fuissent.
