<?xml version="1.0" encoding="UTF-8"?>
<!DOCTYPE html PUBLIC "-//W3C//DTD XHTML 1.0 Transitional//EN"
    "http://www.w3.org/TR/xhtml1/DTD/xhtml1-transitional.dtd">
<html xmlns="http://www.w3.org/1999/xhtml" xml:lang="en" lang="en">
 <head>
  <title>
</title>
<meta http-equiv="Content-Type" content="text/html;charset=utf-8" />
  <meta name='ocr-system' content='tesseract 3.04.00' />
  <meta name='ocr-capabilities' content='ocr_page ocr_carea ocr_par ocr_line ocrx_word'/>
</head>
<body>
  <div class='ocr_page' id='page_1' title='image "./leonisxiiiponti00churgoog_0121.png"; bbox 0 0 4497 6714; ppageno 0'>
   <div class='ocr_carea' id='block_1_1' title="bbox 2973 799 3117 876">
    <p class='ocr_par' dir='ltr' id='par_1_1' title="bbox 2973 799 3117 876">
     <span class='ocr_line' id='line_1_1' title="bbox 2973 799 3117 876; baseline 0.014 -2"><span class='ocrx_word' id='word_1_1' title='bbox 2973 799 3117 876; x_wconf 82' lang='lat'>109</span> 
     </span>
    </p>
   </div>
   <div class='ocr_carea' id='block_1_2' title="bbox 518 980 3308 5111">
    <p class='ocr_par' dir='ltr' id='par_1_2' title="bbox 518 980 3308 4791">
     <span class='ocr_line' id='line_1_2' title="bbox 618 980 3270 1093; baseline -0.002 -26"><span class='ocrx_word' id='word_1_2' title='bbox 618 982 807 1068; x_wconf 90' lang='lat' dir='ltr'>teris</span> <span class='ocrx_word' id='word_1_3' title='bbox 874 982 1399 1067; x_wconf 90' lang='lat' dir='ltr'>continentur.</span> <span class='ocrx_word' id='word_1_4' title='bbox 1468 984 1665 1067; x_wconf 85' lang='lat' dir='ltr'>Tota</span> <span class='ocrx_word' id='word_1_5' title='bbox 1729 983 1995 1093; x_wconf 90' lang='lat' dir='ltr'>itaque</span> <span class='ocrx_word' id='word_1_6' title='bbox 2063 983 2526 1068; x_wconf 77' lang='lat' dir='ltr'>concordiae</span> <span class='ocrx_word' id='word_1_7' title='bbox 2566 983 2789 1081; x_wconf 82' lang='lat' dir='ltr'>ratio,</span> <span class='ocrx_word' id='word_1_8' title='bbox 2839 1010 3041 1090; x_wconf 89' lang='lat' dir='ltr'>quae</span> <span class='ocrx_word' id='word_1_9' title='bbox 3077 980 3270 1062; x_wconf 92' lang='lat' dir='ltr'>fide-</span> 
     </span>
     <span class='ocr_line' id='line_1_3' title="bbox 616 1143 3266 1254; baseline -0.002 -27"><span class='ocrx_word' id='word_1_10' title='bbox 616 1144 731 1229; x_wconf 91' lang='lat' dir='ltr'>les</span> <span class='ocrx_word' id='word_1_11' title='bbox 795 1143 1001 1228; x_wconf 89' lang='lat' dir='ltr'>inter</span> <span class='ocrx_word' id='word_1_12' title='bbox 1033 1172 1117 1229; x_wconf 93' lang='lat' dir='ltr'>se</span> <span class='ocrx_word' id='word_1_13' title='bbox 1154 1145 1599 1229; x_wconf 88' lang='lat' dir='ltr'>consociare</span> <span class='ocrx_word' id='word_1_14' title='bbox 1634 1147 1892 1247; x_wconf 89' lang='lat' dir='ltr'>debet,</span> <span class='ocrx_word' id='word_1_15' title='bbox 1939 1144 2021 1227; x_wconf 91' lang='lat' dir='ltr'>in</span> <span class='ocrx_word' id='word_1_16' title='bbox 2067 1172 2158 1230; x_wconf 97' lang='lat' dir='ltr'>eo</span> <span class='ocrx_word' id='word_1_17' title='bbox 2205 1146 2653 1254; x_wconf 89' lang='lat' dir='ltr'>quaerenda</span> <span class='ocrx_word' id='word_1_18' title='bbox 2697 1149 2840 1242; x_wconf 87' lang='lat' dir='ltr'>est,</span> <span class='ocrx_word' id='word_1_19' title='bbox 2886 1148 2978 1224; x_wconf 95' lang='lat' dir='ltr'>ut</span> <span class='ocrx_word' id='word_1_20' title='bbox 3044 1168 3266 1225; x_wconf 89' lang='lat' dir='ltr'>nem-</span> 
     </span>
     <span class='ocr_line' id='line_1_4' title="bbox 615 1300 3268 1414; baseline -0.001 -27"><span class='ocrx_word' id='word_1_21' title='bbox 615 1330 713 1411; x_wconf 91' lang='lat' dir='ltr'>pe</span> <span class='ocrx_word' id='word_1_22' title='bbox 780 1301 1129 1386; x_wconf 89' lang='lat' dir='ltr'>omnium</span> <span class='ocrx_word' id='word_1_23' title='bbox 1194 1302 1432 1386; x_wconf 88' lang='lat' dir='ltr'>animi</span> <span class='ocrx_word' id='word_1_24' title='bbox 1498 1303 1578 1386; x_wconf 93' lang='lat' dir='ltr'>in</span> <span class='ocrx_word' id='word_1_25' title='bbox 1643 1304 1739 1387; x_wconf 91' lang='lat' dir='ltr'>iis</span> <span class='ocrx_word' id='word_1_26' title='bbox 1783 1304 2157 1389; x_wconf 79' lang='lat' dir='ltr'>doctrinis</span> <span class='ocrx_word' id='word_1_27' title='bbox 2206 1304 2772 1414; x_wconf 75' lang='lat' dir='ltr'>amplectendis</span> <span class='ocrx_word' id='word_1_28' title='bbox 2827 1300 3268 1387; x_wconf 88' lang='lat' dir='ltr'>servandis-</span> 
     </span>
     <span class='ocr_line' id='line_1_5' title="bbox 616 1460 3259 1573; baseline -0 -28"><span class='ocrx_word' id='word_1_29' title='bbox 616 1490 767 1571; x_wconf 89' lang='lat' dir='ltr'>que</span> <span class='ocrx_word' id='word_1_30' title='bbox 834 1463 1369 1565; x_wconf 78' lang='lat' dir='ltr'>consentiant,</span> <span class='ocrx_word' id='word_1_31' title='bbox 1435 1462 1905 1573; x_wconf 76' lang='lat' dir='ltr'>posthabitis</span> <span class='ocrx_word' id='word_1_32' title='bbox 1971 1464 2605 1550; x_wconf 86' lang='lat' dir='ltr'>contentionibus</span> <span class='ocrx_word' id='word_1_33' title='bbox 2672 1491 2872 1572; x_wconf 91' lang='lat' dir='ltr'>quae</span> <span class='ocrx_word' id='word_1_34' title='bbox 2939 1466 3037 1547; x_wconf 91' lang='lat' dir='ltr'>ad</span> <span class='ocrx_word' id='word_1_35' title='bbox 3099 1460 3259 1572; x_wconf 89' lang='lat' dir='ltr'>pri-</span> 
     </span>
     <span class='ocr_line' id='line_1_6' title="bbox 518 1623 3265 1741; baseline 0 -35"><span class='ocrx_word' id='word_1_36' title='bbox 518 1625 523 1629; x_wconf 74' lang='grc'><strong><em>’</em></strong></span> <span class='ocrx_word' id='word_1_37' title='bbox 615 1629 832 1706; x_wconf 88' lang='lat' dir='ltr'>vatas</span> <span class='ocrx_word' id='word_1_38' title='bbox 900 1653 1173 1708; x_wconf 86' lang='lat' dir='ltr'>causas</span> <span class='ocrx_word' id='word_1_39' title='bbox 1241 1624 1583 1741; x_wconf 13' lang='lat' dir='ltr'>etqinsra</span> <span class='ocrx_word' id='word_1_40' title='bbox 1646 1654 1771 1710; x_wconf 90' lang='lat' dir='ltr'>res</span> <span class='ocrx_word' id='word_1_41' title='bbox 1837 1625 2152 1710; x_wconf 90' lang='lat' dir='ltr'>maioris</span> <span class='ocrx_word' id='word_1_42' title='bbox 2218 1624 2595 1709; x_wconf 89' lang='lat' dir='ltr'>momenti</span> <span class='ocrx_word' id='word_1_43' title='bbox 2683 1623 2976 1734; x_wconf 90' lang='lat' dir='ltr'>positas</span> <span class='ocrx_word' id='word_1_44' title='bbox 3059 1624 3265 1708; x_wconf 85' lang='lat' dir='ltr'>rese-</span> 
     </span>
     <span class='ocr_line' id='line_1_7' title="bbox 611 1782 3267 1894; baseline -0 -29"><span class='ocrx_word' id='word_1_45' title='bbox 611 1790 916 1867; x_wconf 88' lang='lat' dir='ltr'>runtur.</span> <span class='ocrx_word' id='word_1_46' title='bbox 987 1782 1211 1886; x_wconf 80' lang='lat' dir='ltr'>Quod</span> <span class='ocrx_word' id='word_1_47' title='bbox 1274 1812 1459 1869; x_wconf 81' lang='lat' dir='ltr'>vero</span> <span class='ocrx_word' id='word_1_48' title='bbox 1554 1785 1897 1894; x_wconf 87' lang='lat' dir='ltr'>pertinet</span> <span class='ocrx_word' id='word_1_49' title='bbox 1993 1788 2091 1868; x_wconf 90' lang='lat' dir='ltr'>ad</span> <span class='ocrx_word' id='word_1_50' title='bbox 2170 1815 2302 1871; x_wconf 92' lang='lat' dir='ltr'>eas</span> <span class='ocrx_word' id='word_1_51' title='bbox 2391 1782 2701 1867; x_wconf 90' lang='lat' dir='ltr'>scholas</span> <span class='ocrx_word' id='word_1_52' title='bbox 2801 1782 2881 1866; x_wconf 92' lang='lat' dir='ltr'>in</span> <span class='ocrx_word' id='word_1_53' title='bbox 2980 1782 3267 1891; x_wconf 90' lang='lat' dir='ltr'>quibus</span> 
     </span>
     <span class='ocr_line' id='line_1_8' title="bbox 613 1942 3254 2055; baseline -0.001 -27"><span class='ocrx_word' id='word_1_54' title='bbox 613 1943 862 2028; x_wconf 86' lang='lat' dir='ltr'>omnis</span> <span class='ocrx_word' id='word_1_55' title='bbox 928 1946 1026 2028; x_wconf 94' lang='lat' dir='ltr'>de</span> <span class='ocrx_word' id='word_1_56' title='bbox 1092 1944 1474 2055; x_wconf 80' lang='lat' dir='ltr'>religione</span> <span class='ocrx_word' id='word_1_57' title='bbox 1541 1944 1899 2029; x_wconf 88' lang='lat' dir='ltr'>doctrina</span> <span class='ocrx_word' id='word_1_58' title='bbox 1963 1948 2509 2030; x_wconf 87' lang='lat' dir='ltr'>obmutescere</span> <span class='ocrx_word' id='word_1_59' title='bbox 2578 1942 2913 2054; x_wconf 91' lang='lat' dir='ltr'>cogitur,</span> <span class='ocrx_word' id='word_1_60' title='bbox 2958 1942 3254 2051; x_wconf 90' lang='lat' dir='ltr'>pluries</span> 
     </span>
     <span class='ocr_line' id='line_1_9' title="bbox 612 2101 3263 2189; baseline -0 -3"><span class='ocrx_word' id='word_1_61' title='bbox 612 2102 765 2187; x_wconf 89' lang='lat' dir='ltr'>iam</span> <span class='ocrx_word' id='word_1_62' title='bbox 830 2105 928 2189; x_wconf 93' lang='lat' dir='ltr'>de</span> <span class='ocrx_word' id='word_1_63' title='bbox 994 2103 1089 2188; x_wconf 90' lang='lat' dir='ltr'>iis</span> <span class='ocrx_word' id='word_1_64' title='bbox 1156 2105 1525 2189; x_wconf 85' lang='lat' dir='ltr'>Nostram</span> <span class='ocrx_word' id='word_1_65' title='bbox 1590 2105 2066 2189; x_wconf 87' lang='lat' dir='ltr'>sententiam</span> <span class='ocrx_word' id='word_1_66' title='bbox 2148 2103 2740 2189; x_wconf 90' lang='lat' dir='ltr'>declaravimus.</span> <span class='ocrx_word' id='word_1_67' title='bbox 2823 2104 2945 2188; x_wconf 94' lang='lat' dir='ltr'>De</span> <span class='ocrx_word' id='word_1_68' title='bbox 3043 2101 3263 2186; x_wconf 91' lang='lat' dir='ltr'>libris</span> 
     </span>
     <span class='ocr_line' id='line_1_10' title="bbox 612 2266 3263 2379; baseline -0.001 -32"><span class='ocrx_word' id='word_1_69' title='bbox 612 2272 901 2369; x_wconf 88' lang='lat' dir='ltr'>autem,</span> <span class='ocrx_word' id='word_1_70' title='bbox 970 2267 1256 2376; x_wconf 88' lang='lat' dir='ltr'>quibus</span> <span class='ocrx_word' id='word_1_71' title='bbox 1322 2266 1711 2353; x_wconf 87' lang='lat' dir='ltr'>catholica</span> <span class='ocrx_word' id='word_1_72' title='bbox 1785 2269 2067 2379; x_wconf 90' lang='lat' dir='ltr'>religio</span> <span class='ocrx_word' id='word_1_73' title='bbox 2133 2268 2540 2377; x_wconf 89' lang='lat' dir='ltr'>impetitur</span> <span class='ocrx_word' id='word_1_74' title='bbox 2606 2275 2685 2352; x_wconf 95' lang='lat' dir='ltr'>et</span> <span class='ocrx_word' id='word_1_75' title='bbox 2751 2294 3008 2350; x_wconf 90' lang='lat' dir='ltr'>mores</span> <span class='ocrx_word' id='word_1_76' title='bbox 3090 2292 3263 2348; x_wconf 89' lang='lat' dir='ltr'>cor-</span> 
     </span>
     <span class='ocr_line' id='line_1_11' title="bbox 609 2424 3263 2539; baseline -0.001 -29"><span class='ocrx_word' id='word_1_77' title='bbox 609 2436 1083 2537; x_wconf 85' lang='lat' dir='ltr'>rumpuntur</span> <span class='ocrx_word' id='word_1_78' title='bbox 1116 2494 1135 2531; x_wconf 91' lang='lat'>,</span> <span class='ocrx_word' id='word_1_79' title='bbox 1201 2429 1664 2539; x_wconf 86' lang='lat' dir='ltr'>praesertim</span> <span class='ocrx_word' id='word_1_80' title='bbox 1730 2459 1927 2539; x_wconf 88' lang='lat' dir='ltr'>quos</span> <span class='ocrx_word' id='word_1_81' title='bbox 1990 2430 2394 2515; x_wconf 81' lang='lat' dir='ltr'>Ecclesiae</span> <span class='ocrx_word' id='word_1_82' title='bbox 2461 2457 2791 2514; x_wconf 87' lang='lat' dir='ltr'>censura</span> <span class='ocrx_word' id='word_1_83' title='bbox 2853 2424 3263 2537; x_wconf 89' lang='lat' dir='ltr'>peristrin-</span> 
     </span>
     <span class='ocr_line' id='line_1_12' title="bbox 610 2584 3267 2711; baseline -0.002 -40"><span class='ocrx_word' id='word_1_84' title='bbox 610 2588 748 2690; x_wconf 82' lang='lat' dir='ltr'>xit,</span> <span class='ocrx_word' id='word_1_85' title='bbox 817 2590 1110 2711; x_wconf 79' lang='lat' dir='ltr'>nemini</span> <span class='ocrx_word' id='word_1_86' title='bbox 1177 2593 1600 2675; x_wconf 90' lang='lat' dir='ltr'>obscurum</span> <span class='ocrx_word' id='word_1_87' title='bbox 1666 2619 1838 2676; x_wconf 89' lang='lat' dir='ltr'>esse</span> <span class='ocrx_word' id='word_1_88' title='bbox 1903 2598 2165 2700; x_wconf 89' lang='lat' dir='ltr'>potest</span> <span class='ocrx_word' id='word_1_89' title='bbox 2228 2592 2345 2673; x_wconf 88' lang='lat' dir='ltr'>fas</span> <span class='ocrx_word' id='word_1_90' title='bbox 2427 2617 2586 2673; x_wconf 92' lang='lat' dir='ltr'>non</span> <span class='ocrx_word' id='word_1_91' title='bbox 2651 2615 2822 2673; x_wconf 93' lang='lat' dir='ltr'>esse</span> <span class='ocrx_word' id='word_1_92' title='bbox 2909 2594 3000 2670; x_wconf 88' lang='lat' dir='ltr'>ut</span> <span class='ocrx_word' id='word_1_93' title='bbox 3061 2584 3116 2667; x_wconf 91' lang='lat' dir='ltr'>ii</span> <span class='ocrx_word' id='word_1_94' title='bbox 3185 2584 3267 2666; x_wconf 92' lang='lat' dir='ltr'>in</span> 
     </span>
     <span class='ocr_line' id='line_1_13' title="bbox 614 2748 3270 2861; baseline -0.002 -28"><span class='ocrx_word' id='word_1_95' title='bbox 614 2750 1054 2836; x_wconf 88' lang='lat' dir='ltr'>litterarum</span> <span class='ocrx_word' id='word_1_96' title='bbox 1168 2751 1580 2861; x_wconf 88' lang='lat' dir='ltr'>palaestris</span> <span class='ocrx_word' id='word_1_97' title='bbox 1677 2748 2222 2835; x_wconf 88' lang='lat' dir='ltr'>adhibeantur.</span> <span class='ocrx_word' id='word_1_98' title='bbox 2335 2749 2707 2834; x_wconf 82' lang='lat' dir='ltr'>Ceterum</span> <span class='ocrx_word' id='word_1_99' title='bbox 2802 2773 3270 2856; x_wconf 89' lang='lat' dir='ltr'>persuasum</span> 
     </span>
     <span class='ocr_line' id='line_1_14' title="bbox 612 2907 3265 3013; baseline -0.001 -19"><span class='ocrx_word' id='word_1_100' title='bbox 612 2910 756 2994; x_wconf 88' lang='lat' dir='ltr'>tibi</span> <span class='ocrx_word' id='word_1_101' title='bbox 823 2938 996 2996; x_wconf 91' lang='lat' dir='ltr'>esse</span> <span class='ocrx_word' id='word_1_102' title='bbox 1061 2911 1446 3013; x_wconf 87' lang='lat' dir='ltr'>volumus,</span> <span class='ocrx_word' id='word_1_103' title='bbox 1515 2911 1708 2996; x_wconf 91' lang='lat' dir='ltr'>Ven.</span> <span class='ocrx_word' id='word_1_104' title='bbox 1778 2913 2080 3012; x_wconf 83' lang='lat' dir='ltr'>Frater,</span> <span class='ocrx_word' id='word_1_105' title='bbox 2149 2911 2515 2996; x_wconf 83' lang='lat' dir='ltr'>Sanctam</span> <span class='ocrx_word' id='word_1_106' title='bbox 2557 2907 2763 2992; x_wconf 91' lang='lat' dir='ltr'>hanc</span> <span class='ocrx_word' id='word_1_107' title='bbox 2840 2908 3122 2994; x_wconf 84' lang='lat' dir='ltr'>Sedem</span> <span class='ocrx_word' id='word_1_108' title='bbox 3167 2908 3265 2991; x_wconf 93' lang='lat' dir='ltr'>de</span> 
     </span>
     <span class='ocr_line' id='line_1_15' title="bbox 612 3066 3265 3183; baseline -0.003 -27"><span class='ocrx_word' id='word_1_109' title='bbox 612 3072 1020 3183; x_wconf 88' lang='lat' dir='ltr'>religionis</span> <span class='ocrx_word' id='word_1_110' title='bbox 1085 3072 1518 3157; x_wconf 88' lang='lat' dir='ltr'>rationibus</span> <span class='ocrx_word' id='word_1_111' title='bbox 1585 3079 1665 3157; x_wconf 94' lang='lat' dir='ltr'>et</span> <span class='ocrx_word' id='word_1_112' title='bbox 1729 3074 1826 3157; x_wconf 93' lang='lat' dir='ltr'>de</span> <span class='ocrx_word' id='word_1_113' title='bbox 1894 3072 2331 3155; x_wconf 88' lang='lat' dir='ltr'>animarum</span> <span class='ocrx_word' id='word_1_114' title='bbox 2376 3072 2629 3155; x_wconf 88' lang='lat' dir='ltr'>salute</span> <span class='ocrx_word' id='word_1_115' title='bbox 2689 3069 3106 3154; x_wconf 88' lang='lat' dir='ltr'>sollicitam</span> <span class='ocrx_word' id='word_1_116' title='bbox 3148 3066 3265 3151; x_wconf 87' lang='lat' dir='ltr'>vi-</span> 
     </span>
     <span class='ocr_line' id='line_1_16' title="bbox 612 3226 3266 3344; baseline -0.002 -29"><span class='ocrx_word' id='word_1_117' title='bbox 612 3232 816 3344; x_wconf 86' lang='lat' dir='ltr'>giles</span> <span class='ocrx_word' id='word_1_118' title='bbox 883 3261 1110 3317; x_wconf 88' lang='lat' dir='ltr'>curas</span> <span class='ocrx_word' id='word_1_119' title='bbox 1177 3232 1389 3318; x_wconf 91' lang='lat' dir='ltr'>omni</span> <span class='ocrx_word' id='word_1_120' title='bbox 1454 3240 1809 3343; x_wconf 83' lang='lat' dir='ltr'>tempore</span> <span class='ocrx_word' id='word_1_121' title='bbox 1876 3232 2287 3317; x_wconf 88' lang='lat' dir='ltr'>intendere</span> <span class='ocrx_word' id='word_1_122' title='bbox 2353 3235 2452 3316; x_wconf 92' lang='lat' dir='ltr'>ad</span> <span class='ocrx_word' id='word_1_123' title='bbox 2518 3260 2634 3334; x_wconf 90' lang='lat' dir='ltr'>ea,</span> <span class='ocrx_word' id='word_1_124' title='bbox 2704 3259 2904 3340; x_wconf 91' lang='lat' dir='ltr'>quae</span> <span class='ocrx_word' id='word_1_125' title='bbox 2972 3228 3133 3313; x_wconf 87' lang='lat' dir='ltr'>sive</span> <span class='ocrx_word' id='word_1_126' title='bbox 3186 3226 3266 3310; x_wconf 92' lang='lat' dir='ltr'>in</span> 
     </span>
     <span class='ocr_line' id='line_1_17' title="bbox 612 3393 3260 3507; baseline -0 -30"><span class='ocrx_word' id='word_1_127' title='bbox 612 3393 763 3478; x_wconf 88' lang='lat' dir='ltr'>ista</span> <span class='ocrx_word' id='word_1_128' title='bbox 853 3394 1017 3480; x_wconf 87' lang='lat' dir='ltr'>sive</span> <span class='ocrx_word' id='word_1_129' title='bbox 1114 3395 1195 3479; x_wconf 92' lang='lat' dir='ltr'>in</span> <span class='ocrx_word' id='word_1_130' title='bbox 1294 3395 1466 3481; x_wconf 89' lang='lat' dir='ltr'>aliis</span> <span class='ocrx_word' id='word_1_131' title='bbox 1549 3396 2008 3507; x_wconf 83' lang='lat' dir='ltr'>regionibus</span> <span class='ocrx_word' id='word_1_132' title='bbox 2092 3402 2584 3507; x_wconf 85' lang='lat' dir='ltr'>peraguntur</span> <span class='ocrx_word' id='word_1_133' title='bbox 2619 3460 2638 3498; x_wconf 88' lang='lat'>,</span> <span class='ocrx_word' id='word_1_134' title='bbox 2706 3418 3260 3502; x_wconf 91' lang='lat' dir='ltr'>summumque</span> 
     </span>
     <span class='ocr_line' id='line_1_18' title="bbox 615 3552 3267 3669; baseline -0.001 -30"><span class='ocrx_word' id='word_1_135' title='bbox 615 3555 963 3639; x_wconf 89' lang='lat' dir='ltr'>studium</span> <span class='ocrx_word' id='word_1_136' title='bbox 1026 3585 1333 3667; x_wconf 83' lang='lat' dir='ltr'>gerere,</span> <span class='ocrx_word' id='word_1_137' title='bbox 1399 3565 1511 3660; x_wconf 88' lang='lat' dir='ltr'>ut,</span> <span class='ocrx_word' id='word_1_138' title='bbox 1577 3563 1891 3669; x_wconf 91' lang='lat' dir='ltr'>tempus</span> <span class='ocrx_word' id='word_1_139' title='bbox 1956 3565 2185 3643; x_wconf 89' lang='lat' dir='ltr'>nacta</span> <span class='ocrx_word' id='word_1_140' title='bbox 2281 3564 2833 3668; x_wconf 89' lang='lat' dir='ltr'>opportunum,</span> <span class='ocrx_word' id='word_1_141' title='bbox 2919 3552 3267 3639; x_wconf 87' lang='lat' dir='ltr'>remedia</span> 
     </span>
     <span class='ocr_line' id='line_1_19' title="bbox 607 3713 3263 3828; baseline -0.001 -30"><span class='ocrx_word' id='word_1_142' title='bbox 607 3715 836 3799; x_wconf 91' lang='lat' dir='ltr'>malis</span> <span class='ocrx_word' id='word_1_143' title='bbox 900 3714 1273 3802; x_wconf 89' lang='lat' dir='ltr'>adhibeat</span> <span class='ocrx_word' id='word_1_144' title='bbox 1336 3745 1538 3826; x_wconf 88' lang='lat' dir='ltr'>quae</span> <span class='ocrx_word' id='word_1_145' title='bbox 1605 3718 1861 3828; x_wconf 89' lang='lat' dir='ltr'>magis</span> <span class='ocrx_word' id='word_1_146' title='bbox 1927 3746 2279 3828; x_wconf 88' lang='lat' dir='ltr'>congrua</span> <span class='ocrx_word' id='word_1_147' title='bbox 2342 3745 2610 3801; x_wconf 89' lang='lat' dir='ltr'>rerum</span> <span class='ocrx_word' id='word_1_148' title='bbox 2655 3713 3263 3801; x_wconf 87' lang='lat' dir='ltr'>necessitatibus</span> 
     </span>
     <span class='ocr_line' id='line_1_20' title="bbox 609 3875 3261 3990; baseline -0 -30"><span class='ocrx_word' id='word_1_149' title='bbox 609 3875 689 3960; x_wconf 90' lang='lat' dir='ltr'>in</span> <span class='ocrx_word' id='word_1_150' title='bbox 755 3877 1094 3963; x_wconf 91' lang='lat' dir='ltr'>Domino</span> <span class='ocrx_word' id='word_1_151' title='bbox 1159 3877 1644 3964; x_wconf 87' lang='lat' dir='ltr'>iudicaverit.</span> <span class='ocrx_word' id='word_1_152' title='bbox 1712 3879 1933 3964; x_wconf 87' lang='lat' dir='ltr'>Haec</span> <span class='ocrx_word' id='word_1_153' title='bbox 2000 3908 2202 3989; x_wconf 88' lang='lat' dir='ltr'>quae</span> <span class='ocrx_word' id='word_1_154' title='bbox 2268 3878 2882 3990; x_wconf 86' lang='lat' dir='ltr'>significavimus</span> <span class='ocrx_word' id='word_1_155' title='bbox 2967 3903 3060 3962; x_wconf 96' lang='lat' dir='ltr'>eo</span> <span class='ocrx_word' id='word_1_156' title='bbox 3125 3903 3261 3960; x_wconf 87' lang='lat' dir='ltr'>va-</span> 
     </span>
     <span class='ocr_line' id='line_1_21' title="bbox 604 4037 3258 4150; baseline -0 -28"><span class='ocrx_word' id='word_1_157' title='bbox 604 4037 770 4124; x_wconf 92' lang='lat' dir='ltr'>lere</span> <span class='ocrx_word' id='word_1_158' title='bbox 834 4038 1214 4149; x_wconf 79' lang='lat' dir='ltr'>cupimuS,</span> <span class='ocrx_word' id='word_1_159' title='bbox 1281 4046 1370 4123; x_wconf 91' lang='lat' dir='ltr'>ut</span> <span class='ocrx_word' id='word_1_160' title='bbox 1433 4039 1672 4124; x_wconf 88' lang='lat' dir='ltr'>animi</span> <span class='ocrx_word' id='word_1_161' title='bbox 1737 4039 1854 4124; x_wconf 92' lang='lat' dir='ltr'>tui</span> <span class='ocrx_word' id='word_1_162' title='bbox 1918 4047 2419 4150; x_wconf 87' lang='lat' dir='ltr'>compescant</span> <span class='ocrx_word' id='word_1_163' title='bbox 2463 4066 2840 4149; x_wconf 85' lang='lat' dir='ltr'>angores3</span> <span class='ocrx_word' id='word_1_164' title='bbox 2908 4044 3145 4147; x_wconf 88' lang='lat' dir='ltr'>atque</span> <span class='ocrx_word' id='word_1_165' title='bbox 3211 4065 3258 4122; x_wconf 87' lang='lat' dir='ltr'>a</span> 
     </span>
     <span class='ocr_line' id='line_1_22' title="bbox 602 4197 3308 4311; baseline -0.001 -29"><span class='ocrx_word' id='word_1_166' title='bbox 602 4197 776 4284; x_wconf 93' lang='lat' dir='ltr'>Deo</span> <span class='ocrx_word' id='word_1_167' title='bbox 839 4199 1081 4285; x_wconf 89' lang='lat' dir='ltr'>totius</span> <span class='ocrx_word' id='word_1_168' title='bbox 1145 4198 1696 4285; x_wconf 88' lang='lat' dir='ltr'>consolationis</span> <span class='ocrx_word' id='word_1_169' title='bbox 1760 4200 1905 4285; x_wconf 90' lang='lat' dir='ltr'>tibi</span> <span class='ocrx_word' id='word_1_170' title='bbox 1970 4228 2199 4311; x_wconf 90' lang='lat' dir='ltr'>opem</span> <span class='ocrx_word' id='word_1_171' title='bbox 2267 4207 2348 4286; x_wconf 88' lang='lat' dir='ltr'>et</span> <span class='ocrx_word' id='word_1_172' title='bbox 2388 4198 2866 4309; x_wconf 86' lang='lat' dir='ltr'>praesidium</span> <span class='ocrx_word' id='word_1_173' title='bbox 2939 4225 3037 4284; x_wconf 82' lang='lat' dir='ltr'>ex</span> <span class='ocrx_word' id='word_1_174' title='bbox 3081 4224 3252 4284; x_wconf 88' lang='lat' dir='ltr'>cor·</span> <span class='ocrx_word' id='word_1_175' title='bbox 3283 4283 3308 4302; x_wconf 37' lang='grc' dir='ltr'><strong>ς</strong></span> 
     </span>
     <span class='ocr_line' id='line_1_23' title="bbox 603 4356 3249 4469; baseline 0 -27"><span class='ocrx_word' id='word_1_176' title='bbox 603 4361 701 4444; x_wconf 94' lang='lat' dir='ltr'>de</span> <span class='ocrx_word' id='word_1_177' title='bbox 766 4356 1297 4467; x_wconf 79' lang='lat' dir='ltr'>imploranteS,</span> <span class='ocrx_word' id='word_1_178' title='bbox 1334 4356 1865 4469; x_wconf 88' lang='lat' dir='ltr'>Apostolicam</span> <span class='ocrx_word' id='word_1_179' title='bbox 1931 4358 2604 4462; x_wconf 89' lang='lat' dir='ltr'>Benedictionem,</span> <span class='ocrx_word' id='word_1_180' title='bbox 2667 4358 3020 4446; x_wconf 91' lang='lat' dir='ltr'>sincerae</span> <span class='ocrx_word' id='word_1_181' title='bbox 3087 4358 3249 4443; x_wconf 86' lang='lat' dir='ltr'>No-</span> 
     </span>
     <span class='ocr_line' id='line_1_24' title="bbox 602 4516 3250 4630; baseline 0.001 -29"><span class='ocrx_word' id='word_1_182' title='bbox 602 4523 811 4603; x_wconf 86' lang='lat' dir='ltr'>strae</span> <span class='ocrx_word' id='word_1_183' title='bbox 876 4516 1317 4602; x_wconf 91' lang='lat' dir='ltr'>dilectionis</span> <span class='ocrx_word' id='word_1_184' title='bbox 1382 4525 1670 4603; x_wconf 85' lang='lat' dir='ltr'>testem</span> <span class='ocrx_word' id='word_1_185' title='bbox 1706 4584 1725 4622; x_wconf 89' lang='lat'>,</span> <span class='ocrx_word' id='word_1_186' title='bbox 1791 4519 1935 4604; x_wconf 92' lang='lat' dir='ltr'>tibi</span> <span class='ocrx_word' id='word_1_187' title='bbox 2001 4526 2444 4630; x_wconf 88' lang='lat' dir='ltr'>cunctoque</span> <span class='ocrx_word' id='word_1_188' title='bbox 2542 4520 2752 4606; x_wconf 88' lang='lat' dir='ltr'>clero</span> <span class='ocrx_word' id='word_1_189' title='bbox 2851 4525 2931 4606; x_wconf 89' lang='lat' dir='ltr'>et</span> <span class='ocrx_word' id='word_1_190' title='bbox 2996 4519 3250 4604; x_wconf 88' lang='lat' dir='ltr'>fideli-</span> 
     </span>
     <span class='ocr_line' id='line_1_25' title="bbox 602 4676 3190 4791; baseline 0.002 -31"><span class='ocrx_word' id='word_1_191' title='bbox 602 4676 776 4779; x_wconf 76' lang='lat' dir='ltr'>buS,</span> <span class='ocrx_word' id='word_1_192' title='bbox 814 4677 1098 4786; x_wconf 91' lang='lat' dir='ltr'>quibus</span> <span class='ocrx_word' id='word_1_193' title='bbox 1162 4676 1586 4788; x_wconf 78' lang='lat' dir='ltr'>praesideS,</span> <span class='ocrx_word' id='word_1_194' title='bbox 1623 4688 2123 4790; x_wconf 88' lang='lat' dir='ltr'>peramanter</span> <span class='ocrx_word' id='word_1_195' title='bbox 2156 4681 2238 4765; x_wconf 93' lang='lat' dir='ltr'>in</span> <span class='ocrx_word' id='word_1_196' title='bbox 2272 4680 2612 4768; x_wconf 90' lang='lat' dir='ltr'>Domino</span> <span class='ocrx_word' id='word_1_197' title='bbox 2671 4679 3190 4791; x_wconf 87' lang='lat' dir='ltr'>impertimus.</span> 
     </span>
    </p>

    <p class='ocr_par' dir='ltr' id='par_1_3' title="bbox 614 4836 3249 5111">
     <span class='ocr_line' id='line_1_26' title="bbox 789 4836 3249 4950; baseline 0.002 -30"><span class='ocrx_word' id='word_1_198' title='bbox 789 4836 1085 4921; x_wconf 88' lang='lat' dir='ltr'>Datum</span> <span class='ocrx_word' id='word_1_199' title='bbox 1148 4838 1449 4923; x_wconf 87' lang='lat' dir='ltr'>Romae</span> <span class='ocrx_word' id='word_1_200' title='bbox 1515 4842 1724 4950; x_wconf 88' lang='lat' dir='ltr'>apud</span> <span class='ocrx_word' id='word_1_201' title='bbox 1787 4838 1862 4926; x_wconf 81' lang='lat' dir='ltr'>S.</span> <span class='ocrx_word' id='word_1_202' title='bbox 1932 4841 2261 4926; x_wconf 90' lang='lat' dir='ltr'>Petrum</span> <span class='ocrx_word' id='word_1_203' title='bbox 2323 4840 2450 4928; x_wconf 91' lang='lat' dir='ltr'>die</span> <span class='ocrx_word' id='word_1_204' title='bbox 2520 4837 2631 4927; x_wconf 78' lang='lat'>27</span> <span class='ocrx_word' id='word_1_205' title='bbox 2701 4841 2910 4927; x_wconf 91' lang='lat' dir='ltr'>Iunii</span> <span class='ocrx_word' id='word_1_206' title='bbox 2985 4841 3249 4946; x_wconf 81' lang='lat'>1884,</span> 
     </span>
     <span class='ocr_line' id='line_1_27' title="bbox 614 4994 2161 5111; baseline 0.006 -33"><span class='ocrx_word' id='word_1_207' title='bbox 614 4994 1132 5083; x_wconf 87' lang='lat' dir='ltr'>Pontificatus</span> <span class='ocrx_word' id='word_1_208' title='bbox 1196 4997 1464 5084; x_wconf 88' lang='lat' dir='ltr'>Nostri</span> <span class='ocrx_word' id='word_1_209' title='bbox 1530 5025 1735 5083; x_wconf 89' lang='lat' dir='ltr'>anno</span> <span class='ocrx_word' id='word_1_210' title='bbox 1800 4999 2161 5111; x_wconf 78' lang='lat' dir='ltr'>septimo,</span> 
     </span>
    </p>
   </div>
   <div class='ocr_carea' id='block_1_3' title="bbox 1578 5319 2299 5405">
    <p class='ocr_par' dir='ltr' id='par_1_4' title="bbox 1578 5319 2299 5405">
     <span class='ocr_line' id='line_1_28' title="bbox 1578 5319 2299 5405; baseline 0.006 -4"><span class='ocrx_word' id='word_1_211' title='bbox 1578 5319 1778 5403; x_wconf 84' lang='lat' dir='ltr'>LEO</span> <span class='ocrx_word' id='word_1_212' title='bbox 1844 5321 2001 5403; x_wconf 90' lang='grc' dir='ltr'>ΡΡ.</span> <span class='ocrx_word' id='word_1_213' title='bbox 2072 5323 2299 5405; x_wconf 91' lang='lat' dir='ltr'><strong>XIII.</strong></span> 
     </span>
    </p>
   </div>
  </div>
 </body>
</html>
