4497 6714
1238 797 1337 874 14

1080 977 1147 1063 si
1212 986 1528 1064 vacaret
1594 1008 1687 1064 ea
1750 978 2147 1065 recordari
2227 1006 2430 1088 quae
2519 978 2872 1088 superior
2952 978 3145 1065 vidit
3230 987 3490 1084 aetaS,
3557 1009 3739 1064 cum

1079 1168 1370 1249 procax
1437 1140 1868 1226 multorum
1932 1140 2253 1225 licentia
2319 1142 2862 1226 tremefactam
2960 1141 3302 1226 Galliam
3381 1142 3743 1226 funditus

1076 1302 1417 1408 miscuit,
1463 1332 1633 1390 rem
1679 1333 1983 1389 sacram
2049 1310 2129 1388 et
2198 1301 2513 1387 civilem
2584 1304 2866 1388 eodem
2932 1302 3236 1388 excidio
3303 1304 3733 1415 complexa.

1269 1465 1559 1550 Contra
1622 1493 1809 1549 vero
1874 1463 2074 1549 haec
2103 1529 2121 1566 ,
2191 1491 2394 1573 quae
2461 1471 2758 1548 certam
2825 1462 3161 1549 civitatis
3239 1464 3547 1549 ruinam
3610 1493 3737 1551 se-

1082 1654 1262 1710 cum
1326 1628 1613 1723 ferunt,
1680 1625 1909 1711 facile
1975 1625 2504 1736 depelluntur,
2574 1624 2637 1709 si
2705 1625 2784 1709 in
2852 1625 3401 1710 constituenda
3444 1629 3738 1737 guber-

1078 1790 1493 1897 nandaque
1558 1795 1728 1871 tum
1795 1787 2227 1872 domestica
2308 1795 2479 1871 tum
2564 1787 2768 1873 civili
2862 1788 3235 1873 societate
3302 1787 3735 1875 catholicae

1079 1947 1487 2059 religionis
1551 1954 1973 2059 praecepta
2037 1954 2472 2035 serventur.
2541 1949 2657 2031 Ea
2723 1947 2935 2033 enim
3005 1954 3188 2032 sunt
3253 1952 3352 2032 ad
3419 1977 3735 2035 conser-

1076 2109 1473 2195 vationem
1539 2108 1834 2194 ordinis
1901 2116 1983 2194 et
2047 2111 2146 2193 ad
2210 2108 2693 2218 reipublicae
2739 2108 3074 2194 salutem
3120 2109 3545 2218 aptissima.

1263 2271 1380 2357 Ac
1443 2272 1694 2383 primo
1789 2271 2109 2381 quidem
2196 2273 2296 2355 ad
2391 2271 2851 2357 societatem
2928 2271 3440 2357 domesticam
3524 2275 3735 2383 quod

1086 2432 1393 2535 attinet,
1462 2432 1792 2517 interest
1838 2460 2073 2541 quam
2119 2432 2459 2516 maxime
2506 2438 2953 2542 susceptam
3019 2462 3062 2515 e
3121 2432 3489 2544 coniugio
3526 2434 3733 2519 chri-

1080 2593 1334 2678 stiano
1400 2592 1753 2679 sobolem
1820 2599 2126 2678 mature
2193 2595 2293 2676 ad
2354 2592 2761 2704 religionis
2805 2601 3226 2704 praecepta
3290 2597 3606 2701 erudiri3
3655 2604 3734 2683 et

1078 2785 1213 2841 eas
1280 2760 1512 2859 artcS,
1581 2753 1870 2864 quibus
1935 2760 2153 2838 aetas
2199 2753 2526 2864 puerilis
2570 2755 2669 2837 ad
2711 2751 3290 2840 humanitatem
3333 2754 3733 2840 informari

1080 2917 1307 3019 solet,
1377 2946 1558 3002 cum
1623 2916 2116 3002 institutione
2181 2916 2557 3027 religiosa
2625 2944 2796 3001 esse
2875 2915 3355 3000 coniunctas,
3424 2916 3737 3003 Alteras

1084 3079 1506 3192 seiungere
1574 3082 1670 3165 ab
1740 3080 1986 3166 altera
2050 3081 2259 3166 idem
2329 3087 2449 3167 est
2514 3110 2603 3166 ac
2667 3079 2926 3190 reipsa
3009 3079 3255 3184 velle,
3335 3087 3424 3164 ut
3496 3080 3736 3165 animi

1078 3238 1422 3349 pueriles
1488 3239 1568 3323 in
1638 3240 1911 3326 officiis
2000 3270 2192 3351 erga
2257 3241 2517 3325 Deum
2606 3239 2687 3324 in
2771 3218 3131 3325 neutram
3200 3246 3505 3350 partem
3570 3267 3737 3325 mo-

1078 3408 1454 3487 veantur:
1524 3430 1725 3511 quae
1792 3401 2203 3513 disciplina
2267 3402 2500 3487 fallax
2568 3409 2711 3504 est,
2780 3409 2860 3487 et
2923 3400 3384 3512 praesertim
3451 3401 3533 3487 in
3577 3402 3736 3512 pri-

1077 3560 1228 3645 mis
1295 3590 1720 3672 puerorum
1786 3562 2152 3647 aetatulis
2218 3562 2901 3672 perniciosissima,
2971 3566 3181 3672 quod
3212 3592 3487 3649 revera
3528 3563 3736 3650 viam

1078 3721 1447 3808 atheismi
1514 3721 1795 3825 munit,
1862 3722 2271 3834 religionis
2318 3722 2648 3833 obsepit.
2697 3724 3030 3809 Omnino
3074 3731 3443 3834 parentes
3487 3727 3735 3811 bonos

1084 3913 1360 3970 curare
1428 3890 1760 3994 oportet,
1827 3890 1917 3967 ut
1981 3883 2104 3968 sui
2170 3883 2550 3994 cuiusque
2617 3884 2889 3988 liberi,
2958 3915 3135 3970 cum
3201 3886 3544 3995 primum
3611 3917 3736 3971 sa-

1081 4073 1270 4155 pere
1337 4044 1826 4149 didicerunt,
1914 4051 2337 4155 praccepta
2429 4044 2837 4155 religionis
2889 4046 3361 4156 'percipiant
3396 4114 3414 4150 ,
3495 4055 3575 4132 et
3637 4075 3736 4132 ne

1085 4207 1274 4318 quid
1340 4213 1699 4293 occurrat
1741 4206 1822 4291 in
1867 4205 2183 4310 scholis,
2256 4210 2464 4316 quod
2507 4207 2687 4292 fidei
2733 4236 3139 4293 morumve
3195 4208 3737 4319 integritatem

1083 4377 1452 4463 offendat.
1521 4379 1627 4462 Et
1690 4384 1780 4462 ut
1844 4376 1995 4461 ista
2061 4376 2141 4460 in
2207 4375 2688 4462 instituenda
2731 4375 3000 4461 sobole
3046 4376 3458 4487 diligentia
3513 4375 3737 4461 adhi-

1079 4540 1386 4641 beatur,
1452 4538 1713 4623 divina
1796 4544 1917 4623 est
1990 4536 2490 4646 naturalique
2575 4536 2756 4646 lege
2836 4536 3377 4642 constitutum,
3476 4565 3735 4647 neque

1083 4707 1453 4812 parentes
1518 4727 1659 4810 per
1721 4699 1965 4784 ullam
2032 4728 2392 4784 caussam
2458 4697 2654 4783 solvi
2701 4726 2794 4783 ea
2837 4698 3018 4810 lege
3052 4707 3403 4809 possunt.
3459 4699 3737 4787 Eccle-

1079 4860 1196 4946 sia
1255 4888 1465 4964 vero,
1533 4859 2013 4972 integritatis
2081 4860 2265 4946 fidei
2333 4867 2595 4944 custos
2660 4866 2741 4944 et
2802 4859 3112 4963 vindex,
3181 4890 3405 4970 quae,
3473 4861 3734 4947 delata

1079 5020 1229 5106 sibi
1292 5051 1338 5105 a
1401 5021 1573 5106 Deo
1641 5019 2042 5106 conditore
2109 5048 2253 5105 suo
2319 5019 2811 5124 auctoritate,
2848 5023 3085 5106 debet
3131 5023 3228 5104 ad
3270 5021 3737 5132 sapientiam

1080 5181 1588 5269 christianam
1652 5180 2059 5267 universas
2122 5208 2404 5266 vocare
2470 5187 2755 5291 gentes
2782 5247 2801 5284 ,
2868 5181 3217 5290 itemque
3284 5183 3558 5267 sedulo
3621 5181 3738 5267 vi-

1077 5344 1263 5428 dere
1331 5341 1617 5451 quibus
1715 5341 2125 5426 excolatur
2208 5339 2650 5450 praeceptis
2736 5339 3274 5452 institutisque
3363 5341 3730 5426 iuventus
