4497 6714
1192 768 1339 847 164

1033 948 1307 1034 Attoni
1390 947 1853 1033 Pistoriensi
1941 946 2331 1057 Episcopo
2398 946 2729 1030 adiectis
2806 944 3092 1029 litteris
3177 946 3380 1029 dono
3444 942 3682 1027 misit.

1029 1112 1351 1195 Partem
1416 1108 1618 1192 hanc
1684 1139 1783 1195 ex
1846 1106 2227 1193 hodierna
2290 1107 2720 1216 peritorum
2783 1105 3269 1216 inspectione
3336 1132 3689 1214 comper-

1033 1278 1204 1355 tum
1271 1277 1392 1356 est
1455 1272 1855 1380 demptam
1931 1266 2173 1353 fuisse
2240 1296 2339 1353 ex
2436 1267 2734 1378 capite:
2802 1295 2895 1353 ea
2960 1265 3171 1351 enim
3245 1270 3367 1350 est
3403 1331 3422 1369 ,
3493 1294 3693 1375 quae

1033 1429 1432 1541 apophisis
1496 1429 1928 1515 mastoidea
1991 1434 2339 1532 vocatur,
2408 1427 2794 1538 sanguine
2838 1425 3097 1511 adhuc
3141 1454 3521 1536 respersa,
3567 1432 3694 1509 ut-

1034 1601 1217 1703 pote
1287 1621 1485 1703 quae
1549 1591 1794 1702 gladii
1858 1591 2066 1694 ictu,
2135 1619 2379 1700 quum
2446 1596 2680 1700 caput
2764 1589 3202 1675 cervicibus
3285 1587 3695 1673 abscinde-

1036 1762 1277 1857 retur,
1343 1781 1714 1862 percussa
1780 1758 1924 1840 est.
1996 1753 2169 1837 Hae
2234 1751 2616 1862 reliquiae
2713 1751 3251 1862 prodigiorum
3330 1753 3536 1835 fama
3622 1758 3703 1836 et

1040 1914 1247 2000 avita
1313 1914 1601 2000 civium
1663 1913 2047 2025 religione
2114 1920 2430 1999 sanctae
2467 1912 2848 2025 singulari
2894 1912 3208 2024 pietatis
3272 1912 3533 1999 studio
3569 1940 3700 1998 co-

973 2055 978 2058 ·
1041 2077 1312 2161 luntur
1380 2072 1638 2160 adhuc
1714 2076 1811 2158 ab
1898 2074 2259 2160 Ecclesia
2344 2074 2831 2160 Pistoriensi.
2871 2077 3351 2160 —Interea
3415 2073 3704 2187 Hispa-

1041 2237 1336 2323 niensis
1381 2234 1820 2324 Sanctuarii
1885 2238 2093 2320 fama
2157 2235 2399 2348 longe
2442 2220 2760 2346 lateque
2804 2235 3292 2347 pervulgata,
3341 2234 3703 2321 innume-

1047 2398 1333 2484 rabiles
1428 2396 2027 2508 peregrinorum
2124 2395 2489 2483 cohortes
2569 2426 2666 2482 ex
2751 2396 3135 2483 universis
3209 2399 3373 2483 fere
3461 2404 3709 2483 terra-

1045 2592 1222 2647 rum
1285 2561 1640 2673 partibus
1705 2561 1891 2645 illuc
1958 2562 2478 2666 confluebant,
2547 2570 2628 2648 et
2691 2565 2885 2648 adeo
2952 2562 3198 2649 crevit
3241 2562 3709 2673 frequentia,

1051 2731 1142 2808 ut
1206 2721 1664 2834 ingentibus
1727 2719 2400 2832 peregrinantium
2468 2720 2800 2806 catervis
2867 2723 2965 2806 ad
3031 2728 3302 2806 sancta
3379 2720 3714 2807 Palesti-

1052 2915 1199 2972 nae
1285 2885 1458 2971 loca
1523 2876 1603 2969 et
1668 2884 1765 2967 ad
1829 2881 2100 2966 limina
2164 2880 2719 2992 Apostolorum
2783 2882 3002 2967 Petri
3069 2891 3149 2968 et
3204 2882 3482 2986 Pauli,
3550 2911 3717 2967 me-

1053 3046 1204 3131 rito
1273 3049 1932 3156 compararentur.
2002 3042 2118 3127 Ac
2181 3042 2508 3153 proinde
2571 3044 2908 3130 Romani
2954 3045 3377 3131 Pontifices
3420 3045 3716 3131 Deces-

1056 3235 1273 3292 sores
1356 3204 1622 3291 Nostri
1718 3204 2381 3313 dispensationem
2445 3204 2607 3290 voti
2671 3207 2768 3290 de
2846 3206 3296 3317 peragenda
3384 3205 3719 3317 Compo-

1065 3371 1396 3457 stellana
1477 3368 2112 3481 peregrinatione
2198 3368 2543 3480 suscepti
2630 3367 3125 3479 Apostolicae
3193 3368 3374 3456 Sedi
3465 3398 3718 3455 reser-

1065 3537 1371 3617 varunt.
1544 3633 1557 3645 .

1250 3691 1578 3778 Saeculo
1675 3689 1864 3775 XVI
1928 3691 2277 3774 nondum
2344 3696 2675 3794 exacto,
2776 3688 3101 3775 cohor-ta
3165 3698 3285 3775 est
3348 3691 3574 3775 foeda
3640 3697 3720 3774 et

1002 3924 1004 3927 ,
1063 3859 1287 3936 atrox
1350 3856 1801 3959 tempestaS,
1870 3876 2026 3957 qua
2089 3876 2231 3956 per
2294 3847 2755 3956 Hispaniam
2800 3850 2962 3934 fere
3008 3855 3256 3934 totam
3300 3848 3722 3948 saeviente,

1066 4043 1376 4099 sacrum
1440 4010 1794 4121 Apostoli
1850 4008 2301 4121 sepulcrum
2367 4009 2445 4092 in
2511 4010 2862 4120 periculo
2906 4010 3057 4094 fuit
3101 4039 3257 4096 non
3302 4018 3465 4095 tam
3512 4039 3726 4095 com-

1067 4173 1341 4277 muni,
1410 4201 1645 4283 quam
1727 4170 2066 4281 proprio,
2132 4170 2438 4255 Indicto
2506 4171 2715 4256 enim
2779 4172 2989 4256 bello
3054 4171 3448 4283 Hispanos
3526 4171 3730 4257 inter

1069 4342 1149 4422 et
1212 4334 1659 4435 BritannOS,
1728 4331 1834 4436 hi,
1903 4331 2037 4442 qui
2101 4363 2147 4416 a
2212 4331 2599 4417 catholica
2663 4334 2815 4418 fide
2881 4334 2979 4417 ad
3042 4332 3434 4419 haeresim
3480 4332 3729 4418 desci-

1068 4504 1365 4598 verant,
1430 4494 1786 4608 praedari
1854 4502 1935 4579 et
1998 4492 2310 4580 diruere
2377 4493 2945 4579 catholicorum
3010 4495 3327 4605 templa,
3376 4503 3456 4580 et
3512 4524 3734 4580 sacra

1071 4658 1332 4746 omnia
1393 4657 1685 4744 violare
1751 4662 1831 4742 et
1893 4656 2157 4742 delere
2222 4655 2373 4741 sibi
2438 4656 3029 4743 constituerant.
3099 4657 3588 4768 Quapropter
3651 4657 3733 4741 in

1074 4816 1501 4920 Gallaecia,
1565 4815 1893 4927 regione
1959 4815 2156 4899 mari
2222 4814 2510 4920 citima,
2579 4816 2933 4926 exposito
3001 4817 3354 4903 exercitu
3390 4882 3409 4919 ,
3477 4845 3737 4902 sacras

1075 4981 1310 5064 aedes
1376 4983 1873 5082 everterunt,
1943 4977 2314 5064 caelitum
2379 4979 2794 5065 beatorum
2859 4978 3290 5091 imagineS,
3366 4979 3740 5089 reliquias

1080 5145 1159 5223 et
1224 5165 1425 5247 quae
1491 5137 1752 5222 omnia
1817 5137 2205 5223 sanctiora
2269 5137 2687 5241 habentur,
2755 5138 3154 5225 haeretico
3197 5142 3460 5225 furore
3525 5167 3740 5225 com-

1076 5299 1523 5398 busserunt,
1590 5296 1872 5383 deinde
1937 5301 2035 5382 ad
2100 5298 2642 5410 perniciosam,
2710 5309 2799 5385 ut
2864 5301 3201 5406 aiebant,
3249 5302 3743 5415 superstitio-
