<?xml version="1.0" encoding="UTF-8"?>
<!DOCTYPE html PUBLIC "-//W3C//DTD XHTML 1.0 Transitional//EN"
    "http://www.w3.org/TR/xhtml1/DTD/xhtml1-transitional.dtd">
<html xmlns="http://www.w3.org/1999/xhtml" xml:lang="en" lang="en">
 <head>
  <title>
</title>
<meta http-equiv="Content-Type" content="text/html;charset=utf-8" />
  <meta name='ocr-system' content='tesseract 3.04.00' />
  <meta name='ocr-capabilities' content='ocr_page ocr_carea ocr_par ocr_line ocrx_word'/>
</head>
<body>
  <div class='ocr_page' id='page_1' title='image "./leonisxiiiponti00churgoog_0229.png"; bbox 0 0 4497 6714; ppageno 0'>
   <div class='ocr_carea' id='block_1_1' title="bbox 3070 803 3224 881">
    <p class='ocr_par' dir='ltr' id='par_1_1' title="bbox 3070 803 3224 881">
     <span class='ocr_line' id='line_1_1' title="bbox 3070 803 3224 881; baseline 0.013 -2"><span class='ocrx_word' id='word_1_1' title='bbox 3070 803 3224 881; x_wconf 69' lang='lat'><strong>217</strong></span> 
     </span>
    </p>
   </div>
   <div class='ocr_carea' id='block_1_2' title="bbox 876 983 3395 1201">
    <p class='ocr_par' dir='ltr' id='par_1_2' title="bbox 876 983 3395 1201">
     <span class='ocr_line' id='line_1_2' title="bbox 876 983 3221 1073; baseline -0.002 -19"><span class='ocrx_word' id='word_1_2' title='bbox 876 990 1143 1054; x_wconf 88' lang='lat' dir='ltr'><strong>ricanae</strong></span> <span class='ocrx_word' id='word_1_3' title='bbox 1192 991 1477 1073; x_wconf 82' lang='lat' dir='ltr'>regionis</span> <span class='ocrx_word' id='word_1_4' title='bbox 1525 988 1881 1073; x_wconf 82' lang='lat' dir='ltr'><strong>gratificari</strong></span> <span class='ocrx_word' id='word_1_5' title='bbox 1929 999 1997 1053; x_wconf 92' lang='lat' dir='ltr'><strong>et</strong></span> <span class='ocrx_word' id='word_1_6' title='bbox 2042 989 2300 1073; x_wconf 86' lang='lat' dir='ltr'><strong>piarum</strong></span> <span class='ocrx_word' id='word_1_7' title='bbox 2346 986 2828 1051; x_wconf 83' lang='lat' dir='ltr'><strong>institutionum</strong></span> <span class='ocrx_word' id='word_1_8' title='bbox 2883 983 3053 1050; x_wconf 93' lang='lat' dir='ltr'><strong>bono</strong></span> <span class='ocrx_word' id='word_1_9' title='bbox 3101 987 3221 1049; x_wconf 91' lang='lat' dir='ltr'><strong>rei-</strong></span> 
     </span>
     <span class='ocr_line' id='line_1_3' title="bbox 876 1109 3395 1201; baseline -0.002 -22"><span class='ocrx_word' id='word_1_10' title='bbox 876 1137 1006 1201; x_wconf 91' lang='lat' dir='ltr'><strong>que</strong></span> <span class='ocrx_word' id='word_1_11' title='bbox 1056 1137 1285 1179; x_wconf 86' lang='lat' dir='ltr'><strong>sacrae</strong></span> <span class='ocrx_word' id='word_1_12' title='bbox 1332 1114 1596 1179; x_wconf 82' lang='lat' dir='ltr'><strong>utilitati</strong></span> <span class='ocrx_word' id='word_1_13' title='bbox 1645 1112 1954 1178; x_wconf 82' lang='lat' dir='ltr'><strong>Pontifex</strong></span> <span class='ocrx_word' id='word_1_14' title='bbox 2001 1113 2142 1197; x_wconf 91' lang='lat' dir='ltr'><strong>ipse</strong></span> <span class='ocrx_word' id='word_1_15' title='bbox 2190 1112 2399 1196; x_wconf 79' lang='lat' dir='ltr'><strong>possit</strong></span> <span class='ocrx_word' id='word_1_16' title='bbox 2444 1110 2670 1175; x_wconf 87' lang='lat' dir='ltr'><strong>favere</strong></span> <span class='ocrx_word' id='word_1_17' title='bbox 2722 1163 2735 1177; x_wconf 92' lang='lat'><strong>.</strong></span> <span class='ocrx_word' id='word_1_18' title='bbox 2832 1158 2847 1175; x_wconf 91' lang='lat'><strong>.</strong></span> <span class='ocrx_word' id='word_1_19' title='bbox 2944 1162 2957 1175; x_wconf 92' lang='lat'><strong>.</strong></span> <span class='ocrx_word' id='word_1_20' title='bbox 3053 1109 3216 1175; x_wconf 77' lang='lat' dir='ltr'><strong>PAG.</strong></span> <span class='ocrx_word' id='word_1_21' title='bbox 3271 1109 3395 1174; x_wconf 87' lang='grc'><strong>133</strong></span> 
     </span>
    </p>
   </div>
   <div class='ocr_carea' id='block_1_3' title="bbox 701 1382 3220 1576">
    <p class='ocr_par' dir='ltr' id='par_1_3' title="bbox 701 1382 3220 1576">
     <span class='ocr_line' id='line_1_4' title="bbox 701 1382 3217 1470; baseline 0 -21"><span class='ocrx_word' id='word_1_22' title='bbox 701 1384 1061 1452; x_wconf 80' lang='lat' dir='ltr'><strong>Decretum</strong></span> <span class='ocrx_word' id='word_1_23' title='bbox 1113 1414 1146 1446; x_wconf 87' lang='lat'>«</span> <span class='ocrx_word' id='word_1_24' title='bbox 1183 1388 1476 1451; x_wconf 81' lang='lat' dir='ltr'><strong>Romano</strong></span> <span class='ocrx_word' id='word_1_25' title='bbox 1526 1386 1829 1470; x_wconf 66' lang='lat' dir='ltr'><strong>Pom-{fici</strong></span> <span class='ocrx_word' id='word_1_26' title='bbox 1865 1414 1894 1444; x_wconf 66' lang='grc' dir='ltr'><strong>ιι</strong></span> <span class='ocrx_word' id='word_1_27' title='bbox 1946 1384 2051 1449; x_wconf 91' lang='lat' dir='ltr'><strong>die</strong></span> <span class='ocrx_word' id='word_1_28' title='bbox 2102 1385 2184 1448; x_wconf 90' lang='lat'><strong>14</strong></span> <span class='ocrx_word' id='word_1_29' title='bbox 2231 1382 2667 1468; x_wconf 76' lang='lat' dir='ltr'><strong>Septembri83</strong></span> <span class='ocrx_word' id='word_1_30' title='bbox 2714 1382 2795 1447; x_wconf 95' lang='lat' dir='ltr'><strong>de</strong></span> <span class='ocrx_word' id='word_1_31' title='bbox 2836 1403 3041 1467; x_wconf 87' lang='lat' dir='ltr'><strong>parvo</strong></span> <span class='ocrx_word' id='word_1_32' title='bbox 3092 1393 3217 1449; x_wconf 90' lang='lat' dir='ltr'><strong>ter·</strong></span> 
     </span>
     <span class='ocr_line' id='line_1_5' title="bbox 879 1506 3220 1576; baseline -0 -2"><span class='ocrx_word' id='word_1_33' title='bbox 879 1512 1089 1576; x_wconf 90' lang='lat' dir='ltr'><strong>ritorii</strong></span> <span class='ocrx_word' id='word_1_34' title='bbox 1151 1520 1368 1576; x_wconf 87' lang='lat' dir='ltr'><strong>tractu</strong></span> <span class='ocrx_word' id='word_1_35' title='bbox 1433 1512 1603 1576; x_wconf 91' lang='lat' dir='ltr'><strong>inter</strong></span> <span class='ocrx_word' id='word_1_36' title='bbox 1664 1511 2019 1575; x_wconf 88' lang='lat' dir='ltr'><strong>Dioeceses</strong></span> <span class='ocrx_word' id='word_1_37' title='bbox 2081 1506 2593 1573; x_wconf 82' lang='lat' dir='ltr'><strong>Cremonensem</strong></span> <span class='ocrx_word' id='word_1_38' title='bbox 2657 1517 2725 1571; x_wconf 90' lang='lat' dir='ltr'><strong>et</strong></span> <span class='ocrx_word' id='word_1_39' title='bbox 2791 1506 3220 1573; x_wconf 87' lang='lat' dir='ltr'><strong>Mantuanam</strong></span> 
     </span>
    </p>
   </div>
   <div class='ocr_carea' id='block_1_4' title="bbox 880 1637 3398 1726">
    <p class='ocr_par' dir='ltr' id='par_1_4' title="bbox 880 1637 3398 1726">
     <span class='ocr_line' id='line_1_6' title="bbox 880 1637 3398 1726; baseline -0.001 -21"><span class='ocrx_word' id='word_1_40' title='bbox 880 1642 1225 1726; x_wconf 87' lang='lat' dir='ltr'><strong>partiendo</strong></span> <span class='ocrx_word' id='word_1_41' title='bbox 1277 1684 2962 1706; x_wconf 91' lang='grc'><strong>................</strong></span> <span class='ocrx_word' id='word_1_42' title='bbox 3072 1689 3085 1702; x_wconf 93' lang='grc'><strong>.</strong></span> <span class='ocrx_word' id='word_1_43' title='bbox 3185 1663 3217 1693; x_wconf 81' lang='lat'><strong>»</strong></span> <span class='ocrx_word' id='word_1_44' title='bbox 3272 1637 3398 1703; x_wconf 89' lang='lat'><strong>135</strong></span> 
     </span>
    </p>
   </div>
   <div class='ocr_carea' id='block_1_5' title="bbox 702 1906 3220 1993">
    <p class='ocr_par' dir='ltr' id='par_1_5' title="bbox 702 1906 3220 1993">
     <span class='ocr_line' id='line_1_7' title="bbox 702 1906 3220 1993; baseline -0.001 -19"><span class='ocrx_word' id='word_1_45' title='bbox 702 1910 1062 1975; x_wconf 88' lang='lat' dir='ltr'><strong>Instructio</strong></span> <span class='ocrx_word' id='word_1_46' title='bbox 1114 1939 1147 1972; x_wconf 88' lang='lat'>«</span> <span class='ocrx_word' id='word_1_47' title='bbox 1192 1910 1502 1985; x_wconf 74' lang='lat' dir='ltr'><strong>Quamvis</strong></span> <span class='ocrx_word' id='word_1_48' title='bbox 1550 1911 2003 1976; x_wconf 75' lang='lat' dir='ltr'><strong>ecclesiasticos</strong></span> <span class='ocrx_word' id='word_1_49' title='bbox 2041 1937 2071 1969; x_wconf 84' lang='lat'>»</span> <span class='ocrx_word' id='word_1_50' title='bbox 2123 1909 2228 1973; x_wconf 92' lang='lat' dir='ltr'><strong>die</strong></span> <span class='ocrx_word' id='word_1_51' title='bbox 2280 1909 2361 1973; x_wconf 99' lang='grc'><strong>16</strong></span> <span class='ocrx_word' id='word_1_52' title='bbox 2393 1906 2836 1993; x_wconf 84' lang='lat' dir='ltr'><strong>Septembris3</strong></span> <span class='ocrx_word' id='word_1_53' title='bbox 2887 1907 2968 1972; x_wconf 92' lang='lat' dir='ltr'><strong>de</strong></span> <span class='ocrx_word' id='word_1_54' title='bbox 3015 1907 3220 1973; x_wconf 87' lang='lat' dir='ltr'><strong>titulis</strong></span> 
     </span>
    </p>
   </div>
   <div class='ocr_carea' id='block_1_6' title="bbox 881 2033 3392 2124">
    <p class='ocr_par' dir='ltr' id='par_1_6' title="bbox 881 2033 3392 2124">
     <span class='ocr_line' id='line_1_8' title="bbox 881 2033 3392 2124; baseline 0 -24"><span class='ocrx_word' id='word_1_55' title='bbox 881 2035 1156 2124; x_wconf 89' lang='lat' dir='ltr'><strong>aliisque</strong></span> <span class='ocrx_word' id='word_1_56' title='bbox 1183 2037 1449 2103; x_wconf 91' lang='lat' dir='ltr'><strong>honoris</strong></span> <span class='ocrx_word' id='word_1_57' title='bbox 1475 2038 1695 2122; x_wconf 83' lang='lat' dir='ltr'><strong>signis,</strong></span> <span class='ocrx_word' id='word_1_58' title='bbox 1714 2037 1951 2123; x_wconf 91' lang='lat' dir='ltr'><strong>quibus</strong></span> <span class='ocrx_word' id='word_1_59' title='bbox 1980 2033 2412 2101; x_wconf 88' lang='lat' dir='ltr'><strong>ecclesiastici</strong></span> <span class='ocrx_word' id='word_1_60' title='bbox 2434 2033 2556 2099; x_wconf 86' lang='lat' dir='ltr'><strong>viri</strong></span> <span class='ocrx_word' id='word_1_61' title='bbox 2576 2033 2871 2099; x_wconf 90' lang='lat' dir='ltr'><strong>decorari</strong></span> <span class='ocrx_word' id='word_1_62' title='bbox 2896 2033 3127 2101; x_wconf 82' lang='lat' dir='ltr'><strong>solent.</strong></span> <span class='ocrx_word' id='word_1_63' title='bbox 3183 2063 3214 2095; x_wconf 82' lang='grc'><strong>»</strong></span> <span class='ocrx_word' id='word_1_64' title='bbox 3271 2035 3392 2100; x_wconf 90' lang='grc'><strong>141</strong></span> 
     </span>
    </p>
   </div>
   <div class='ocr_carea' id='block_1_7' title="bbox 704 2308 3409 3525">
    <p class='ocr_par' dir='ltr' id='par_1_7' title="bbox 704 2308 3409 3525">
     <span class='ocr_line' id='line_1_9' title="bbox 704 2308 3216 2398; baseline 0.002 -26"><span class='ocrx_word' id='word_1_65' title='bbox 704 2308 1002 2394; x_wconf 85' lang='lat' dir='ltr'><strong>Epistola</strong></span> <span class='ocrx_word' id='word_1_66' title='bbox 1055 2340 1084 2369; x_wconf 91' lang='lat'>«</span> <span class='ocrx_word' id='word_1_67' title='bbox 1130 2310 1592 2377; x_wconf 76' lang='lat' dir='ltr'><strong>Gratissimum</strong></span> <span class='ocrx_word' id='word_1_68' title='bbox 1626 2310 1774 2398; x_wconf 79' lang='lat' dir='ltr'><strong>fuit</strong></span> <span class='ocrx_word' id='word_1_69' title='bbox 1810 2340 1842 2372; x_wconf 80' lang='grc'><strong>»</strong></span> <span class='ocrx_word' id='word_1_70' title='bbox 1896 2311 2000 2376; x_wconf 92' lang='lat' dir='ltr'><strong>die</strong></span> <span class='ocrx_word' id='word_1_71' title='bbox 2051 2311 2131 2375; x_wconf 92' lang='grc'><strong>16</strong></span> <span class='ocrx_word' id='word_1_72' title='bbox 2182 2309 2591 2395; x_wconf 86' lang='lat' dir='ltr'><strong>Septembris</strong></span> <span class='ocrx_word' id='word_1_73' title='bbox 2638 2309 2723 2374; x_wconf 91' lang='lat' dir='ltr'><strong>ad</strong></span> <span class='ocrx_word' id='word_1_74' title='bbox 2759 2309 3216 2396; x_wconf 88' lang='lat' dir='ltr'><strong>Archiepisco-</strong></span> 
     </span>
     <span class='ocr_line' id='line_1_10' title="bbox 882 2435 3226 2520; baseline 0.002 -23"><span class='ocrx_word' id='word_1_75' title='bbox 882 2456 1040 2519; x_wconf 90' lang='lat' dir='ltr'><strong>pum</strong></span> <span class='ocrx_word' id='word_1_76' title='bbox 1087 2435 1565 2502; x_wconf 87' lang='lat' dir='ltr'><strong>Bituricensem</strong></span> <span class='ocrx_word' id='word_1_77' title='bbox 1639 2477 1718 2486; x_wconf 90' lang='lat'><strong>—-</strong></span> <span class='ocrx_word' id='word_1_78' title='bbox 1770 2436 2013 2520; x_wconf 86' lang='lat' dir='ltr'><strong>Magna</strong></span> <span class='ocrx_word' id='word_1_79' title='bbox 2060 2458 2212 2501; x_wconf 91' lang='lat' dir='ltr'><strong>cum</strong></span> <span class='ocrx_word' id='word_1_80' title='bbox 2259 2435 2702 2501; x_wconf 82' lang='lat' dir='ltr'><strong>consolatione</strong></span> <span class='ocrx_word' id='word_1_81' title='bbox 2735 2438 3083 2520; x_wconf 81' lang='lat' dir='ltr'><strong>agnovisse</strong></span> <span class='ocrx_word' id='word_1_82' title='bbox 3131 2460 3226 2502; x_wconf 90' lang='lat' dir='ltr'><strong>re-</strong></span> 
     </span>
     <span class='ocr_line' id='line_1_11' title="bbox 884 2562 3225 2648; baseline 0.001 -23"><span class='ocrx_word' id='word_1_83' title='bbox 884 2562 1181 2646; x_wconf 84' lang='lat' dir='ltr'><strong>spondet,</strong></span> <span class='ocrx_word' id='word_1_84' title='bbox 1233 2563 1607 2628; x_wconf 75' lang='lat' dir='ltr'><strong>sacerdotes</strong></span> <span class='ocrx_word' id='word_1_85' title='bbox 1656 2563 2120 2643; x_wconf 77' lang='lat' dir='ltr'><strong>BituricenseS,</strong></span> <span class='ocrx_word' id='word_1_86' title='bbox 2186 2563 2296 2648; x_wconf 88' lang='lat' dir='ltr'><strong>pia</strong></span> <span class='ocrx_word' id='word_1_87' title='bbox 2357 2564 2531 2628; x_wconf 87' lang='lat' dir='ltr'><strong>inter</strong></span> <span class='ocrx_word' id='word_1_88' title='bbox 2592 2586 2662 2627; x_wconf 92' lang='lat' dir='ltr'><strong>se</strong></span> <span class='ocrx_word' id='word_1_89' title='bbox 2709 2563 3022 2628; x_wconf 91' lang='lat' dir='ltr'><strong>societate</strong></span> <span class='ocrx_word' id='word_1_90' title='bbox 3073 2585 3225 2627; x_wconf 92' lang='lat' dir='ltr'><strong>con-</strong></span> 
     </span>
     <span class='ocr_line' id='line_1_12' title="bbox 888 2688 3224 2775; baseline 0.001 -24"><span class='ocrx_word' id='word_1_91' title='bbox 888 2688 1148 2752; x_wconf 87' lang='lat' dir='ltr'><strong>iunctos</strong></span> <span class='ocrx_word' id='word_1_92' title='bbox 1175 2739 1190 2769; x_wconf 92' lang='lat'><strong>,</strong></span> <span class='ocrx_word' id='word_1_93' title='bbox 1241 2689 1736 2775; x_wconf 88' lang='lat' dir='ltr'><strong>Archiepiscopi</strong></span> <span class='ocrx_word' id='word_1_94' title='bbox 1786 2689 1998 2755; x_wconf 91' lang='lat' dir='ltr'><strong>zelum</strong></span> <span class='ocrx_word' id='word_1_95' title='bbox 2049 2688 2449 2774; x_wconf 89' lang='lat' dir='ltr'><strong>sedulasque</strong></span> <span class='ocrx_word' id='word_1_96' title='bbox 2496 2710 2688 2752; x_wconf 90' lang='lat' dir='ltr'><strong>curas</strong></span> <span class='ocrx_word' id='word_1_97' title='bbox 2738 2689 3065 2771; x_wconf 80' lang='lat' dir='ltr'><strong>imitatos,</strong></span> <span class='ocrx_word' id='word_1_98' title='bbox 3113 2711 3224 2754; x_wconf 89' lang='lat' dir='ltr'><strong>ne-</strong></span> 
     </span>
     <span class='ocr_line' id='line_1_13' title="bbox 884 2812 3227 2900; baseline 0.002 -24"><span class='ocrx_word' id='word_1_99' title='bbox 884 2814 1186 2878; x_wconf 87' lang='lat' dir='ltr'><strong>cessariis</strong></span> <span class='ocrx_word' id='word_1_100' title='bbox 1234 2812 1658 2898; x_wconf 83' lang='lat' dir='ltr'><strong>largitionum</strong></span> <span class='ocrx_word' id='word_1_101' title='bbox 1692 2815 2032 2900; x_wconf 86' lang='lat' dir='ltr'><strong>praesidiis</strong></span> <span class='ocrx_word' id='word_1_102' title='bbox 2069 2815 2327 2879; x_wconf 83' lang='lat' dir='ltr'><strong>afflictis</strong></span> <span class='ocrx_word' id='word_1_103' title='bbox 2358 2814 2622 2877; x_wconf 88' lang='lat' dir='ltr'><strong>maioris</strong></span> <span class='ocrx_word' id='word_1_104' title='bbox 2656 2812 3001 2878; x_wconf 88' lang='lat' dir='ltr'><strong>Seminarii</strong></span> <span class='ocrx_word' id='word_1_105' title='bbox 3029 2813 3227 2880; x_wconf 92' lang='lat' dir='ltr'><strong>rebus</strong></span> 
     </span>
     <span class='ocr_line' id='line_1_14' title="bbox 883 2938 3226 3006; baseline 0.002 -4"><span class='ocrx_word' id='word_1_106' title='bbox 883 2938 1312 3003; x_wconf 91' lang='lat' dir='ltr'><strong>consuluisse.</strong></span> <span class='ocrx_word' id='word_1_107' title='bbox 1365 2980 1445 2988; x_wconf 90' lang='lat'>—</span> <span class='ocrx_word' id='word_1_108' title='bbox 1496 2941 1656 3006; x_wconf 91' lang='lat' dir='ltr'><strong>Piae</strong></span> <span class='ocrx_word' id='word_1_109' title='bbox 1705 2950 1840 3005; x_wconf 91' lang='lat' dir='ltr'><strong>tum</strong></span> <span class='ocrx_word' id='word_1_110' title='bbox 1892 2940 2225 3006; x_wconf 88' lang='lat' dir='ltr'><strong>Antistitis</strong></span> <span class='ocrx_word' id='word_1_111' title='bbox 2276 2949 2418 3004; x_wconf 89' lang='lat' dir='ltr'><strong>tum</strong></span> <span class='ocrx_word' id='word_1_112' title='bbox 2465 2939 2618 3005; x_wconf 88' lang='lat' dir='ltr'><strong>cleri</strong></span> <span class='ocrx_word' id='word_1_113' title='bbox 2668 2939 3044 3005; x_wconf 64' lang='lat' dir='ltr'><strong>liberalitati</strong></span> <span class='ocrx_word' id='word_1_114' title='bbox 3092 2963 3226 3006; x_wconf 88' lang='lat' dir='ltr'><strong>am-</strong></span> 
     </span>
     <span class='ocr_line' id='line_1_15' title="bbox 883 3063 3230 3148; baseline 0.003 -20"><span class='ocrx_word' id='word_1_115' title='bbox 883 3063 1242 3148; x_wconf 89' lang='lat' dir='ltr'><strong>plissimam</strong></span> <span class='ocrx_word' id='word_1_116' title='bbox 1305 3065 1535 3130; x_wconf 84' lang='lat' dir='ltr'><strong>tribuit</strong></span> <span class='ocrx_word' id='word_1_117' title='bbox 1595 3066 2244 3131; x_wconf 87' lang='lat' dir='ltr'><strong>commendationem.</strong></span> <span class='ocrx_word' id='word_1_118' title='bbox 2297 3106 2380 3115; x_wconf 95' lang='lat'>—</span> <span class='ocrx_word' id='word_1_119' title='bbox 2438 3065 2790 3132; x_wconf 87' lang='lat' dir='ltr'><strong>Ominatur</strong></span> <span class='ocrx_word' id='word_1_120' title='bbox 2851 3078 2928 3133; x_wconf 90' lang='lat' dir='ltr'><strong>ut</strong></span> <span class='ocrx_word' id='word_1_121' title='bbox 2989 3067 3230 3134; x_wconf 87' lang='lat' dir='ltr'><strong>uberes</strong></span> 
     </span>
     <span class='ocr_line' id='line_1_16' title="bbox 886 3189 3223 3278; baseline 0.003 -26"><span class='ocrx_word' id='word_1_122' title='bbox 886 3189 1139 3255; x_wconf 90' lang='lat' dir='ltr'><strong>fructus</strong></span> <span class='ocrx_word' id='word_1_123' title='bbox 1215 3192 1347 3256; x_wconf 82' lang='lat' dir='ltr'><strong>iam</strong></span> <span class='ocrx_word' id='word_1_124' title='bbox 1424 3193 1718 3277; x_wconf 87' lang='lat' dir='ltr'><strong>percepti</strong></span> <span class='ocrx_word' id='word_1_125' title='bbox 1797 3194 2036 3276; x_wconf 85' lang='lat' dir='ltr'><strong>iugiter</strong></span> <span class='ocrx_word' id='word_1_126' title='bbox 2112 3201 2562 3277; x_wconf 87' lang='lat' dir='ltr'><strong>permaneant.</strong></span> <span class='ocrx_word' id='word_1_127' title='bbox 2631 3232 2710 3241; x_wconf 90' lang='lat'><strong>—</strong></span> <span class='ocrx_word' id='word_1_128' title='bbox 2765 3192 3223 3278; x_wconf 86' lang='lat' dir='ltr'><strong>Indulgentias</strong></span> 
     </span>
     <span class='ocr_line' id='line_1_17' title="bbox 889 3313 3230 3387; baseline 0.003 -7"><span class='ocrx_word' id='word_1_129' title='bbox 889 3313 1191 3383; x_wconf 89' lang='lat' dir='ltr'><strong>omnibus</strong></span> <span class='ocrx_word' id='word_1_130' title='bbox 1261 3328 1807 3383; x_wconf 87' lang='lat' dir='ltr'><strong>commemoratae</strong></span> <span class='ocrx_word' id='word_1_131' title='bbox 1884 3319 2215 3384; x_wconf 90' lang='lat' dir='ltr'><strong>societatis</strong></span> <span class='ocrx_word' id='word_1_132' title='bbox 2287 3318 2621 3385; x_wconf 89' lang='lat' dir='ltr'><strong>sodalibus</strong></span> <span class='ocrx_word' id='word_1_133' title='bbox 2687 3328 2752 3385; x_wconf 91' lang='lat' dir='ltr'><strong>et</strong></span> <span class='ocrx_word' id='word_1_134' title='bbox 2819 3318 3230 3387; x_wconf 89' lang='lat' dir='ltr'><strong>adiutoribus</strong></span> 
     </span>
     <span class='ocr_line' id='line_1_18' title="bbox 886 3440 3409 3525; baseline 0.002 -20"><span class='ocrx_word' id='word_1_135' title='bbox 886 3440 1163 3525; x_wconf 84' lang='lat' dir='ltr'><strong>largitur</strong></span> <span class='ocrx_word' id='word_1_136' title='bbox 1209 3452 1275 3508; x_wconf 90' lang='lat' dir='ltr'><strong>et</strong></span> <span class='ocrx_word' id='word_1_137' title='bbox 1328 3452 1627 3508; x_wconf 87' lang='lat' dir='ltr'><strong>recenset</strong></span> <span class='ocrx_word' id='word_1_138' title='bbox 1748 3492 3095 3510; x_wconf 91' lang='grc'><strong>.............</strong></span> <span class='ocrx_word' id='word_1_139' title='bbox 3195 3475 3224 3502; x_wconf 54' lang='lat' dir='ltr'>a</span> <span class='ocrx_word' id='word_1_140' title='bbox 3280 3447 3409 3512; x_wconf 82' lang='lat'><strong>143</strong></span> 
     </span>
    </p>
   </div>
   <div class='ocr_carea' id='block_1_8' title="bbox 708 3725 3412 4175">
    <p class='ocr_par' dir='ltr' id='par_1_8' title="bbox 708 3725 3412 4175">
     <span class='ocr_line' id='line_1_19' title="bbox 708 3725 3230 3818; baseline 0.003 -29"><span class='ocrx_word' id='word_1_141' title='bbox 708 3725 1003 3791; x_wconf 90' lang='lat' dir='ltr'><strong>Litterae</strong></span> <span class='ocrx_word' id='word_1_142' title='bbox 1054 3727 1472 3813; x_wconf 89' lang='lat' dir='ltr'><strong>Apostolicac</strong></span> <span class='ocrx_word' id='word_1_143' title='bbox 1536 3729 1659 3794; x_wconf 91' lang='lat' dir='ltr'><strong>sub</strong></span> <span class='ocrx_word' id='word_1_144' title='bbox 1719 3731 1915 3795; x_wconf 89' lang='lat' dir='ltr'><strong>anulo</strong></span> <span class='ocrx_word' id='word_1_145' title='bbox 1976 3731 2332 3795; x_wconf 87' lang='lat' dir='ltr'><strong>Piscatoris</strong></span> <span class='ocrx_word' id='word_1_146' title='bbox 2399 3760 2430 3790; x_wconf 85' lang='lat'>«</span> <span class='ocrx_word' id='word_1_147' title='bbox 2468 3732 2914 3797; x_wconf 78' lang='lat' dir='ltr'><strong>Romanorum</strong></span> <span class='ocrx_word' id='word_1_148' title='bbox 2961 3732 3230 3818; x_wconf 68' lang='lat' dir='ltr'><strong>Pontffl-</strong></span> 
     </span>
     <span class='ocr_line' id='line_1_20' title="bbox 883 3852 3227 3942; baseline 0.003 -28"><span class='ocrx_word' id='word_1_149' title='bbox 883 3874 1029 3914; x_wconf 80' lang='lat' dir='ltr'><strong>cum</strong></span> <span class='ocrx_word' id='word_1_150' title='bbox 1065 3879 1096 3909; x_wconf 84' lang='lat'>»</span> <span class='ocrx_word' id='word_1_151' title='bbox 1148 3852 1252 3918; x_wconf 91' lang='lat' dir='ltr'><strong>die</strong></span> <span class='ocrx_word' id='word_1_152' title='bbox 1303 3854 1383 3918; x_wconf 80' lang='lat'><strong>19</strong></span> <span class='ocrx_word' id='word_1_153' title='bbox 1431 3853 1876 3939; x_wconf 77' lang='lat' dir='ltr'><strong>Septembris3</strong></span> <span class='ocrx_word' id='word_1_154' title='bbox 1937 3855 2178 3942; x_wconf 89' lang='lat' dir='ltr'><strong>quibus</strong></span> <span class='ocrx_word' id='word_1_155' title='bbox 2244 3855 2650 3921; x_wconf 89' lang='lat' dir='ltr'><strong>Parochialis</strong></span> <span class='ocrx_word' id='word_1_156' title='bbox 2714 3857 3016 3922; x_wconf 87' lang='lat' dir='ltr'><strong>Ecclesia</strong></span> <span class='ocrx_word' id='word_1_157' title='bbox 3061 3856 3227 3941; x_wconf 89' lang='lat' dir='ltr'><strong>loci,</strong></span> 
     </span>
     <span class='ocr_line' id='line_1_21' title="bbox 884 3977 3234 4068; baseline 0.003 -29"><span class='ocrx_word' id='word_1_158' title='bbox 884 3977 989 4040; x_wconf 92' lang='lat' dir='ltr'><strong>cui</strong></span> <span class='ocrx_word' id='word_1_159' title='bbox 1026 3999 1260 4042; x_wconf 91' lang='lat' dir='ltr'><strong>nomen</strong></span> <span class='ocrx_word' id='word_1_160' title='bbox 1313 4007 1344 4040; x_wconf 67' lang='grc' dir='ltr'><em>α</em></span> <span class='ocrx_word' id='word_1_161' title='bbox 1382 3978 1696 4043; x_wconf 90' lang='lat' dir='ltr'><strong>Villareal</strong></span> <span class='ocrx_word' id='word_1_162' title='bbox 1735 4008 1765 4038; x_wconf 84' lang='grc'><strong>»</strong></span> <span class='ocrx_word' id='word_1_163' title='bbox 1819 3981 1883 4046; x_wconf 90' lang='lat' dir='ltr'><strong>in</strong></span> <span class='ocrx_word' id='word_1_164' title='bbox 1917 3981 2221 4045; x_wconf 90' lang='lat' dir='ltr'><strong>Dioccesi</strong></span> <span class='ocrx_word' id='word_1_165' title='bbox 2256 3980 2716 4055; x_wconf 87' lang='lat' dir='ltr'><strong>Derthusensi,</strong></span> <span class='ocrx_word' id='word_1_166' title='bbox 2753 3980 3234 4068; x_wconf 88' lang='lat' dir='ltr'><strong>Archiprcsby-</strong></span> 
     </span>
     <span class='ocr_line' id='line_1_22' title="bbox 885 4102 3412 4175; baseline 0.004 -9"><span class='ocrx_word' id='word_1_167' title='bbox 885 4102 1071 4168; x_wconf 87' lang='lat' dir='ltr'><strong>terali</strong></span> <span class='ocrx_word' id='word_1_168' title='bbox 1121 4105 1308 4170; x_wconf 89' lang='lat' dir='ltr'><strong>titulo</strong></span> <span class='ocrx_word' id='word_1_169' title='bbox 1357 4105 1710 4172; x_wconf 82' lang='lat' dir='ltr'><strong>decoratur</strong></span> <span class='ocrx_word' id='word_1_170' title='bbox 1729 4155 3098 4175; x_wconf 91' lang='grc'><strong>.............</strong></span> <span class='ocrx_word' id='word_1_171' title='bbox 3196 4137 3228 4168; x_wconf 83' lang='grc'>»</span> <span class='ocrx_word' id='word_1_172' title='bbox 3285 4110 3412 4175; x_wconf 87' lang='grc'><strong>146</strong></span> 
     </span>
    </p>
   </div>
   <div class='ocr_carea' id='block_1_9' title="bbox 712 4386 3404 5478">
    <p class='ocr_par' dir='ltr' id='par_1_9' title="bbox 712 4386 3404 5478">
     <span class='ocr_line' id='line_1_23' title="bbox 712 4386 3234 4479; baseline 0.004 -29"><span class='ocrx_word' id='word_1_173' title='bbox 712 4386 1010 4472; x_wconf 86' lang='lat' dir='ltr'><strong>Epistola</strong></span> <span class='ocrx_word' id='word_1_174' title='bbox 1076 4421 1107 4451; x_wconf 83' lang='lat'>«</span> <span class='ocrx_word' id='word_1_175' title='bbox 1152 4391 1580 4457; x_wconf 75' lang='lat' dir='ltr'><strong>Gratissimas</strong></span> <span class='ocrx_word' id='word_1_176' title='bbox 1631 4393 1969 4457; x_wconf 77' lang='lat' dir='ltr'><strong>habuimus</strong></span> <span class='ocrx_word' id='word_1_177' title='bbox 2010 4419 2041 4452; x_wconf 84' lang='lat'>»</span> <span class='ocrx_word' id='word_1_178' title='bbox 2103 4391 2208 4456; x_wconf 89' lang='lat' dir='ltr'><strong>dic</strong></span> <span class='ocrx_word' id='word_1_179' title='bbox 2268 4393 2355 4456; x_wconf 77' lang='grc'><strong>20</strong></span> <span class='ocrx_word' id='word_1_180' title='bbox 2416 4391 2822 4479; x_wconf 83' lang='lat' dir='ltr'><strong>Septembris</strong></span> <span class='ocrx_word' id='word_1_181' title='bbox 2877 4394 2962 4459; x_wconf 87' lang='lat' dir='ltr'><strong>ad</strong></span> <span class='ocrx_word' id='word_1_182' title='bbox 3025 4395 3234 4461; x_wconf 87' lang='lat' dir='ltr'><strong>Cano-</strong></span> 
     </span>
     <span class='ocr_line' id='line_1_24' title="bbox 885 4514 3236 4602; baseline 0.005 -25"><span class='ocrx_word' id='word_1_183' title='bbox 885 4514 1066 4578; x_wconf 90' lang='lat' dir='ltr'><strong>nicos</strong></span> <span class='ocrx_word' id='word_1_184' title='bbox 1114 4515 1661 4602; x_wconf 86' lang='lat' dir='ltr'><strong>Metropolitanac</strong></span> <span class='ocrx_word' id='word_1_185' title='bbox 1723 4516 2067 4582; x_wconf 87' lang='lat' dir='ltr'><strong>Ecclesiae</strong></span> <span class='ocrx_word' id='word_1_186' title='bbox 2134 4516 2520 4583; x_wconf 87' lang='lat' dir='ltr'><strong>Rhcmensis</strong></span> <span class='ocrx_word' id='word_1_187' title='bbox 2587 4528 2653 4584; x_wconf 91' lang='lat' dir='ltr'><strong>et</strong></span> <span class='ocrx_word' id='word_1_188' title='bbox 2712 4519 3058 4586; x_wconf 87' lang='lat' dir='ltr'><strong>Rectorem</strong></span> <span class='ocrx_word' id='word_1_189' title='bbox 3108 4520 3236 4587; x_wconf 81' lang='lat' dir='ltr'><strong>Ge-</strong></span> 
     </span>
     <span class='ocr_line' id='line_1_25' title="bbox 887 4639 3231 4726; baseline 0.004 -23"><span class='ocrx_word' id='word_1_190' title='bbox 887 4639 1176 4705; x_wconf 90' lang='lat' dir='ltr'><strong>neralem</strong></span> <span class='ocrx_word' id='word_1_191' title='bbox 1227 4663 1306 4705; x_wconf 93' lang='lat' dir='ltr'><strong>ac</strong></span> <span class='ocrx_word' id='word_1_192' title='bbox 1354 4642 1667 4707; x_wconf 89' lang='lat' dir='ltr'><strong>Rectorcs</strong></span> <span class='ocrx_word' id='word_1_193' title='bbox 1731 4642 2069 4726; x_wconf 85' lang='lat' dir='ltr'><strong>delegatos</strong></span> <span class='ocrx_word' id='word_1_194' title='bbox 2132 4642 2447 4708; x_wconf 84' lang='lat' dir='ltr'><strong>Foederis</strong></span> <span class='ocrx_word' id='word_1_195' title='bbox 2513 4642 2856 4710; x_wconf 84' lang='lat' dir='ltr'><strong>Catholici.</strong></span> <span class='ocrx_word' id='word_1_196' title='bbox 2910 4685 2990 4694; x_wconf 95' lang='lat'><strong>—</strong></span> <span class='ocrx_word' id='word_1_197' title='bbox 3044 4646 3231 4712; x_wconf 92' lang='lat' dir='ltr'><strong>Sum-</strong></span> 
     </span>
     <span class='ocr_line' id='line_1_26' title="bbox 885 4765 3231 4854; baseline 0.004 -27"><span class='ocrx_word' id='word_1_198' title='bbox 885 4786 1148 4849; x_wconf 92' lang='lat' dir='ltr'><strong>mopere</strong></span> <span class='ocrx_word' id='word_1_199' title='bbox 1194 4765 1433 4852; x_wconf 90' lang='lat' dir='ltr'><strong>probat</strong></span> <span class='ocrx_word' id='word_1_200' title='bbox 1478 4766 2001 4848; x_wconf 86' lang='lat' dir='ltr'><strong>deliberationes,</strong></span> <span class='ocrx_word' id='word_1_201' title='bbox 2065 4790 2252 4854; x_wconf 76' lang='lat' dir='ltr'><strong>quaS,</strong></span> <span class='ocrx_word' id='word_1_202' title='bbox 2316 4768 2591 4834; x_wconf 89' lang='lat' dir='ltr'><strong>Romani</strong></span> <span class='ocrx_word' id='word_1_203' title='bbox 2649 4769 2984 4835; x_wconf 90' lang='lat' dir='ltr'><strong>Pontificis</strong></span> <span class='ocrx_word' id='word_1_204' title='bbox 3033 4771 3231 4836; x_wconf 90' lang='lat' dir='ltr'><strong>docu-</strong></span> 
     </span>
     <span class='ocr_line' id='line_1_27' title="bbox 883 4889 3228 4973; baseline 0.003 -20"><span class='ocrx_word' id='word_1_205' title='bbox 883 4889 1119 4955; x_wconf 88' lang='lat' dir='ltr'><strong>mentis</strong></span> <span class='ocrx_word' id='word_1_206' title='bbox 1166 4891 1623 4973; x_wconf 86' lang='lat' dir='ltr'><strong>adhaerentes,</strong></span> <span class='ocrx_word' id='word_1_207' title='bbox 1683 4915 1722 4956; x_wconf 91' lang='lat' dir='ltr'><strong>a</strong></span> <span class='ocrx_word' id='word_1_208' title='bbox 1782 4892 2117 4957; x_wconf 88' lang='lat' dir='ltr'><strong>sodalibus</strong></span> <span class='ocrx_word' id='word_1_209' title='bbox 2166 4892 2451 4958; x_wconf 90' lang='lat' dir='ltr'><strong>foederis</strong></span> <span class='ocrx_word' id='word_1_210' title='bbox 2502 4893 2803 4959; x_wconf 86' lang='lat' dir='ltr'><strong>catholici</strong></span> <span class='ocrx_word' id='word_1_211' title='bbox 2868 4896 3228 4961; x_wconf 85' lang='lat' dir='ltr'><strong>servandas</strong></span> 
     </span>
     <span class='ocr_line' id='line_1_28' title="bbox 881 5012 3234 5105; baseline 0.003 -29"><span class='ocrx_word' id='word_1_212' title='bbox 881 5012 1231 5079; x_wconf 89' lang='lat' dir='ltr'><strong>ediderunt</strong></span> <span class='ocrx_word' id='word_1_213' title='bbox 1288 5054 1369 5063; x_wconf 98' lang='lat'>—</span> <span class='ocrx_word' id='word_1_214' title='bbox 1401 5015 1539 5081; x_wconf 89' lang='lat' dir='ltr'><strong>Eas</strong></span> <span class='ocrx_word' id='word_1_215' title='bbox 1574 5015 1827 5080; x_wconf 89' lang='lat' dir='ltr'><strong>invenit</strong></span> <span class='ocrx_word' id='word_1_216' title='bbox 1873 5016 2404 5082; x_wconf 89' lang='lat' dir='ltr'><strong>accommodatas</strong></span> <span class='ocrx_word' id='word_1_217' title='bbox 2439 5026 2506 5082; x_wconf 94' lang='lat' dir='ltr'><strong>et</strong></span> <span class='ocrx_word' id='word_1_218' title='bbox 2543 5028 2947 5105; x_wconf 88' lang='lat' dir='ltr'><strong>opportunas</strong></span> <span class='ocrx_word' id='word_1_219' title='bbox 2994 5021 3234 5086; x_wconf 85' lang='lat' dir='ltr'><strong>rationi</strong></span> 
     </span>
     <span class='ocr_line' id='line_1_29' title="bbox 886 5141 3225 5231; baseline 0.004 -27"><span class='ocrx_word' id='word_1_220' title='bbox 886 5150 1254 5225; x_wconf 89' lang='lat' dir='ltr'><strong>temporum</strong></span> <span class='ocrx_word' id='word_1_221' title='bbox 1303 5152 1369 5207; x_wconf 92' lang='lat' dir='ltr'><strong>et</strong></span> <span class='ocrx_word' id='word_1_222' title='bbox 1414 5141 1555 5209; x_wconf 88' lang='lat' dir='ltr'><strong>zelo</strong></span> <span class='ocrx_word' id='word_1_223' title='bbox 1603 5163 1928 5227; x_wconf 84' lang='lat' dir='ltr'><strong>congruas</strong></span> <span class='ocrx_word' id='word_1_224' title='bbox 1995 5146 2107 5231; x_wconf 91' lang='lat' dir='ltr'><strong>qui</strong></span> <span class='ocrx_word' id='word_1_225' title='bbox 2170 5145 2366 5211; x_wconf 90' lang='lat' dir='ltr'><strong>decet</strong></span> <span class='ocrx_word' id='word_1_226' title='bbox 2425 5168 2618 5212; x_wconf 84' lang='lat' dir='ltr'><strong>veros</strong></span> <span class='ocrx_word' id='word_1_227' title='bbox 2669 5147 3011 5213; x_wconf 88' lang='lat' dir='ltr'><strong>Ecclesiae</strong></span> <span class='ocrx_word' id='word_1_228' title='bbox 3058 5149 3225 5214; x_wconf 88' lang='lat' dir='ltr'><strong>filios</strong></span> 
     </span>
     <span class='ocr_line' id='line_1_30' title="bbox 887 5266 3227 5355; baseline 0.003 -25"><span class='ocrx_word' id='word_1_229' title='bbox 887 5288 966 5331; x_wconf 87' lang='lat' dir='ltr'><strong>ac</strong></span> <span class='ocrx_word' id='word_1_230' title='bbox 1036 5266 1273 5334; x_wconf 91' lang='lat' dir='ltr'><strong>milites</strong></span> <span class='ocrx_word' id='word_1_231' title='bbox 1337 5267 1603 5335; x_wconf 83' lang='lat' dir='ltr'><strong>Christi.</strong></span> <span class='ocrx_word' id='word_1_232' title='bbox 1657 5307 1737 5317; x_wconf 89' lang='lat'>—</span> <span class='ocrx_word' id='word_1_233' title='bbox 1787 5269 2005 5333; x_wconf 89' lang='lat' dir='ltr'><strong>Deum</strong></span> <span class='ocrx_word' id='word_1_234' title='bbox 2077 5269 2479 5355; x_wconf 89' lang='lat' dir='ltr'><strong>adprecatur</strong></span> <span class='ocrx_word' id='word_1_235' title='bbox 2546 5282 2620 5337; x_wconf 93' lang='lat' dir='ltr'><strong>ut</strong></span> <span class='ocrx_word' id='word_1_236' title='bbox 2680 5272 2844 5336; x_wconf 89' lang='lat' dir='ltr'><strong>haec</strong></span> <span class='ocrx_word' id='word_1_237' title='bbox 2909 5273 3227 5337; x_wconf 82' lang='lat' dir='ltr'><strong>virtutum</strong></span> 
     </span>
     <span class='ocr_line' id='line_1_31' title="bbox 884 5393 3404 5478; baseline 0.004 -24"><span class='ocrx_word' id='word_1_238' title='bbox 884 5393 1243 5476; x_wconf 85' lang='lat' dir='ltr'><strong>specimina</strong></span> <span class='ocrx_word' id='word_1_239' title='bbox 1288 5396 1608 5478; x_wconf 87' lang='lat' dir='ltr'><strong>propitius</strong></span> <span class='ocrx_word' id='word_1_240' title='bbox 1669 5395 1977 5478; x_wconf 84' lang='lat' dir='ltr'><strong>respiciat</strong></span> <span class='ocrx_word' id='word_1_241' title='bbox 2073 5443 3091 5464; x_wconf 90' lang='grc'><strong>..........</strong></span> <span class='ocrx_word' id='word_1_242' title='bbox 3199 5427 3220 5446; x_wconf 62' lang='lat' dir='ltr'><strong>v·</strong></span> <span class='ocrx_word' id='word_1_243' title='bbox 3279 5400 3404 5464; x_wconf 84' lang='lat'><strong>148</strong></span> 
     </span>
    </p>
   </div>
  </div>
 </body>
</html>
