4497 6714
1260 784 1364 862 90

1108 968 1510 1079 sphemiiS,
1580 971 1863 1080 quibus
1930 972 2240 1057 excelsa
2305 971 2644 1057 Domina
2710 1003 2755 1055 a
2820 974 3322 1057 tenebrarum
3366 978 3756 1082 potestate

1108 1125 1343 1212 hodie
1411 1130 1846 1232 lacessitur,
1915 1132 2012 1214 ab
2080 1158 2355 1240 eaque,
2423 1140 2585 1214 tam
2629 1130 2965 1241 propitia
3029 1131 3291 1215 oblata
3324 1129 3756 1232 occasione,

1112 1287 1417 1372 enixius
1482 1289 1972 1400 implorandi,
2030 1260 2127 1374 ⁸ut
2193 1297 2508 1401 optatae
2543 1290 2757 1401 pacis
2792 1297 3106 1375 nostrae
3171 1298 3581 1399 sequestra
3627 1291 3761 1374 fiat

1108 1450 1317 1557 apud
1381 1449 1666 1551 Deum,
1735 1457 1814 1534 et
1881 1452 2339 1536 caelestium
2407 1452 2866 1536 administra
2931 1452 3387 1562 gratiarum.

1292 1608 1846 1694 Sanctissimus
1910 1611 2320 1715 DominUS,
2390 1612 2503 1696 rei
2587 1619 3001 1724 perspecta
3081 1612 3492 1722 gravitate,
3581 1639 3756 1695 eam

1104 1769 1519 1855 videndam
1586 1772 2086 1858 demandavit
2149 1772 2529 1884 peculiari
2595 1773 3215 1884 Congregationi
3278 1772 3759 1857 Eminentis-

1104 1929 1480 2014 simorum
1548 1932 2079 2016 Cardinalium
2147 1933 2389 2018 sacris
2455 1932 2768 2018 tuendis
2801 1932 3081 2017 ritibus
3113 1930 3761 2044 praepositorum.

1062 2089 1321 2194 -Quae
1387 2093 1514 2178 die
1587 2094 1695 2177 31
1769 2122 1949 2180 mox
2018 2094 2423 2206 praeteriti
2498 2094 2792 2181 mensis
2882 2094 3071 2177 Maii
3136 2097 3234 2178 ad
3297 2091 3764 2177 Vaticanum

1078 2257 1580 2356 coadunata,
1669 2254 1748 2337 in
1824 2254 2098 2364 primis
2170 2253 2253 2338 in
2339 2252 2493 2340 hoc
2578 2253 2931 2341 themate
3017 2253 3354 2366 pervidit
3428 2252 3761 2355 obicem,

1109 2415 1497 2500 hactenus
1564 2415 2109 2518 insolubilem,
2200 2445 2299 2501 ex
2384 2417 2699 2501 defectu
2764 2415 3088 2499 notitiae
3155 2422 3415 2499 certae
3453 2478 3472 2516 ,
3565 2440 3766 2523 quae

1105 2604 1426 2686 prorsus
1491 2574 1931 2660 necessaria
1996 2583 2230 2679 esset,
2289 2575 2454 2661 veri
2500 2574 2683 2659 anni
2718 2574 3072 2684 Virginei
3129 2572 3516 2676 natalitii3
3587 2601 3768 2657 cum

1104 2736 1392 2822 eruditi
1458 2765 1729 2821 omnes
1796 2743 1955 2820 tam
2022 2743 2332 2821 veteres
2378 2764 2614 2845 quam
2649 2734 3155 2836 recentiores,
3225 2763 3315 2818 ac
3377 2714 3530 2845 'ipsi
3577 2763 3761 2819 cen-

1104 2897 1385 2982 tenarii
1449 2903 2075 3007 propugnatores
2114 2902 2486 2979 censeant
2522 2902 2834 3004 tempus
2870 2893 3301 2977 nativitatis
3368 2894 3755 3004 Deiparae

1100 3057 1602 3141 beatissimae
1669 3055 2044 3140 historica
2111 3055 2582 3142 certitudine
2618 3053 2923 3139 definiri
2987 3082 3146 3138 non
3211 3081 3467 3163 posse.
3538 3050 3757 3156 Quae

1104 3218 1314 3303 enim
1379 3217 1717 3301 maxime
1785 3217 2220 3301 afferuntur
2285 3216 2780 3316 documenta,
2815 3214 3182 3299 videlicet
3223 3214 3758 3322 fragmentum

1104 3384 1480 3493 epistolae
1547 3382 1849 3484 Evodii,
1916 3389 2092 3493 post
2158 3382 2531 3467 Sanctum
2597 3383 2952 3466 Petrum
2988 3379 3218 3490 primi
3283 3375 3757 3463 Antiocheni

1101 3544 1493 3654 Episcopi,
1540 3544 1758 3656 iuxta
1823 3546 2030 3653 quod
2062 3545 2297 3628 beata
2329 3544 2574 3654 Virgo
2609 3543 3001 3628 decimum
3038 3541 3398 3651 quintum
3466 3568 3757 3623 annum

1100 3732 1347 3815 agens
1411 3702 1848 3814 peperisset
1910 3701 2148 3786 huius
2214 3702 2486 3786 mundi
2573 3703 2877 3803 lucem3
2947 3709 3026 3787 et
3093 3699 3538 3784 Ohronicon
3601 3701 3755 3784 Pa-

1103 3862 1395 3964 schale,
1484 3865 1694 3947 unde
1771 3864 2157 3948 deducere
2238 3865 2559 3946 daretur
2642 3863 2937 3947 Mariae
3016 3869 3274 3946 ortum
3342 3859 3757 3944 undecimo

1106 4051 1332 4127 anno,
1402 4026 1499 4106 ad
1564 4052 1984 4127 summum,
2020 4029 2201 4107 ante
2250 4021 2651 4107 Christum
2697 4030 2968 4106 natum
3017 4021 3477 4132 contigisse:
3531 4020 3753 4121 haec,

1100 4185 1868 4293 praeterquamquod
1901 4211 2169 4267 secum
2205 4211 2361 4265 non
2400 4181 2847 4284 cohaerent,
2887 4183 2982 4265 ab
3020 4181 3383 4266 omnibus
3414 4179 3758 4267 melioris

1100 4350 1333 4427 notae
1401 4325 1716 4445 criticiS,
1784 4342 2060 4427 validis
2126 4342 2483 4426 adductis
2548 4341 2939 4427 rationum
3005 4340 3459 4445 momentiS,
3528 4340 3755 4426 facile

1101 4504 1569 4589 refelluntur
1631 4503 1747 4586 uti
1814 4501 2279 4613 apocrypha,
2321 4509 2483 4623 ‘aut
2544 4529 2862 4613 prorsus
2909 4502 3192 4601 dubiae
3239 4500 3750 4586 auctoritatis

1101 4664 1208 4748 Hi
1272 4671 1689 4774 propterea
1753 4662 2303 4748 incunctanter
2337 4667 2635 4773 negant
2698 4663 2930 4746 fidem
2967 4690 3138 4748 esse
3175 4661 3756 4772 adiungendam

1100 4821 1239 4926 rei,
1307 4824 1404 4907 de
1470 4849 1626 4932 qua
1689 4850 1956 4907 sacrae
2022 4821 2358 4924 litterae,
2426 4827 2735 4906 veteres
2790 4822 3110 4922 PatreS,
3179 4820 3756 4906 ecclesiasticae

1100 4982 1477 5070 historiae
1545 4992 1625 5071 et
1688 5014 1954 5070 sacrae
2020 4983 2513 5094 antiquitatis
2572 4983 2974 5095 explorata
3015 4992 3526 5071 monumenta
3560 4981 3757 5067 nihil

1103 5145 1422 5232 omnino
1487 5144 1971 5230 tradiderint.
2040 5143 2156 5228 Ac
2222 5143 2641 5254 sapienter,
2708 5172 2848 5257 pro
2912 5172 3055 5230 suo
3111 5172 3327 5230 more
3354 5209 3373 5246 ,
3441 5145 3538 5229 de
3603 5140 3757 5228 hoc

1100 5308 1271 5421 ipso
1336 5309 1607 5394 scribit
1639 5307 2007 5394 Summus
2042 5308 2411 5394 Pontifex
2458 5308 2941 5413 Benedictus
2980 5309 3212 5395 XIV:
3278 5343 3332 5396 ,«
3381 5309 3754 5393 Fortasse
