4497 6714
3068 816 3215 894 175

702 1019 834 1127 qui
885 1020 1281 1103 communi
1318 1018 1732 1104 Africanae
1768 1019 2032 1129 gentis
2067 1017 2302 1101 saluti
2340 1047 2575 1127 quam
2611 1017 2948 1101 maxime
2984 1015 3362 1115 intentus,

700 1178 1071 1264 instantia
1116 1186 1195 1264 et
1238 1179 1638 1264 laboribus
1677 1186 2085 1264 assecutus
2131 1185 2274 1280 est,
2323 1187 2412 1261 ut
2445 1178 2662 1261 brevi
2711 1206 3094 1261 annorum
3130 1204 3366 1260 cursu

697 1340 946 1424 multa
1009 1340 1409 1451 praeclare
1458 1341 1663 1425 facta
1708 1339 2234 1425 concluderet.
2284 1340 2564 1448 Itaque
2600 1340 2697 1423 de
2733 1338 2959 1422 istius
3014 1335 3362 1449 regionis

698 1501 903 1585 bono
937 1500 1163 1587 valde
1208 1501 1521 1585 solliciti
1558 1530 1861 1604 sumus3
1910 1508 1989 1585 et
2034 1502 2223 1584 dum
2267 1502 2364 1585 de
2409 1498 2933 1609 provehendis
2977 1528 3117 1610 per
3149 1496 3357 1581 Afri-

699 1710 931 1765 canas
995 1681 1269 1792 plagas
1315 1650 1805 1766 commerciis
1838 1679 2201 1789 civilique
2250 1679 2468 1764 cultu
2510 1677 2636 1763 his
2701 1679 2890 1788 ipsis
2955 1678 3233 1764 diebus
3275 1676 3357 1759 in

695 1842 1013 1951 Europa
1045 1839 1501 1941 consulitur,
1548 1841 1711 1925 Nos
1746 1840 2067 1951 quidem
2102 1839 2622 1950 auspicatiore
2659 1841 2756 1923 ad
2801 1840 3137 1923 salutem
3176 1865 3363 1922 con-

696 2001 869 2086 silio
903 2001 1319 2113 Evangelii
1364 2001 1633 2086 lumen
1669 2030 1811 2112 per
1855 2030 1949 2086 ea
1992 2002 2166 2087 loca
2229 2030 2667 2112 propagare
2713 2001 3076 2111 tuerique
3126 2028 3359 2086 cona-

584 2218 589 2221 ·
696 2195 896 2249 mur.
933 2214 1055 2229 —-
1089 2164 1350 2274 Atque
1417 2164 1497 2247 in
1560 2162 1834 2273 primis
1905 2164 2429 2274 cogitationes
2495 2164 2823 2248 Nostras
2889 2164 2988 2245 ad
3052 2189 3139 2246 se
3203 2158 3356 2244 hoc

690 2334 1045 2440 tempore
1092 2326 1476 2412 convertit
1509 2325 1644 2409 illa
1689 2354 1845 2411 non
1877 2332 2039 2411 tam
2072 2327 2286 2429 urbs,
2328 2328 2492 2411 fere
2529 2324 2739 2411 enim
2773 2323 2991 2407 nulla
3025 2330 3168 2424 est,
3217 2322 3355 2406 sed

692 2487 1071 2572 memoria
1112 2486 1327 2571 urbis
1383 2485 1805 2598 opulentae
1871 2485 2059 2570 olim
2104 2492 2343 2594 atque
2392 2485 2881 2596 imperiosae.
2940 2479 3359 2591 Carthagi-

693 2676 876 2733 nem
941 2647 1495 2758 intelligimus:
1552 2675 1791 2757 quam
1855 2646 1921 2730 si
1986 2647 2317 2731 memori
2364 2645 2878 2731 admiratione
2923 2642 3363 2753 suspiciunt

693 2805 1010 2918 posteri,
1077 2809 1288 2917 quod
1354 2806 1622 2891 multis
1686 2807 1924 2891 rebus
1988 2834 2181 2917 pace
2266 2805 2636 2916 belloque
2703 2804 3052 2890 floruerit
3116 2802 3362 2888 totius

695 2971 1005 3057 Africae
1070 2970 1433 3082 princeps
1500 2976 1578 3053 et
1642 2996 2011 3053 romanae
2078 2969 2389 3052 aemula
2454 2966 3044 3079 magnitudinis,
3111 2964 3360 3048 multo

695 3132 951 3242 magis
998 3129 1426 3240 suspiciant
1472 3130 1570 3213 ob
1620 3125 2087 3213 christianas
2132 3128 2405 3212 laudes
2451 3135 2784 3238 oportet.
2821 3128 3003 3236 Ipsa
3048 3125 3363 3236 quippe,

700 3300 887 3379 nota
951 3292 1315 3381 omnibus
1361 3298 1440 3379 et
1483 3292 1807 3404 vulgata
1873 3319 2601 3395 commemoramUS,
2647 3289 3117 3401 religionem
3162 3285 3370 3372 chri-

700 3455 1034 3540 stianam
1100 3455 1249 3539 sibi
1314 3456 1411 3538 ab
1478 3455 1673 3538 urbe
1738 3456 1994 3538 Roma
2061 3454 2377 3537 allatam
2443 3453 2900 3536 maturrime
2968 3450 3374 3561 complexa

702 3624 844 3719 est,
913 3624 1235 3727 tamque
1301 3616 1649 3702 studiose
1715 3616 2063 3719 retinuit,
2131 3624 2220 3701 ut
2284 3616 2953 3701 sanctissimorum
3019 3612 3374 3698 virorum

700 3785 1088 3888 proventu
1154 3784 1737 3886 martyrumque
1794 3777 2398 3862 fortissimorum
2462 3805 2791 3862 numero
2859 3805 3039 3860 cum
3103 3773 3374 3884 paucis

701 3935 1147 4021 civitatibus
1194 3938 1713 4045 comparanda
1757 3936 1880 4021 sit.
1931 3934 2719 4047 Carthaginiensibus
2754 3933 3164 4045 Episcopis
3210 3933 3366 4016 iam

701 4099 881 4185 inde
947 4101 1044 4183 ab
1112 4097 1389 4183 ultima
1454 4097 1924 4208 antiquitate
1989 4096 2187 4183 haec
2255 4098 2599 4209 dignitas
2666 4097 2990 4208 obtigit,
3059 4105 3147 4182 ut
3213 4095 3373 4208 pri-

698 4261 995 4347 matiali
1080 4268 1470 4373 potestate
1568 4259 1877 4345 Africae
1959 4259 2374 4344 universae
2461 4265 2939 4370 praeessent.
3011 4258 3236 4362 Quod
3301 4259 3367 4344 si

696 4429 993 4534 postea,
1060 4422 1305 4507 semel
1371 4429 1607 4531 atque
1673 4420 1961 4506 iterum
2027 4421 2514 4506 vastantibus
2579 4419 2923 4505 Africam
2985 4421 3365 4523 barbariS,

699 4582 961 4669 omnia
1026 4612 1205 4666 cum
1249 4581 1619 4692 religiosa
1680 4588 1852 4665 tum
1917 4580 2173 4666 civilia
2215 4583 2500 4666 decora
2564 4609 2721 4666 uno
2785 4581 3112 4667 interitu
3157 4582 3366 4667 occi-

696 4744 1006 4846 derunt,
1074 4742 1241 4853 ipsa
1304 4743 1619 4827 civitate
1699 4741 2050 4853 principe
2131 4743 2486 4827 funditus
2569 4744 2867 4846 deleta,
2934 4745 3367 4856 permansit

694 4911 964 4990 tamen
1026 4911 1383 4989 veterum
1449 4903 1703 5014 gloria
1765 4903 2253 5007 meritorum,
2321 4903 2820 5014 maximeque
2898 4905 3072 4988 laus
3140 4903 3364 4990 Sedis

694 5062 1427 5175 Archiepiscopalis,
1478 5092 1711 5173 quam
1776 5093 2113 5176 magnus
2159 5065 2589 5176 Cyprianus
2653 5065 3038 5177 sapientia
3083 5073 3165 5153 et
3207 5066 3364 5152 vir-

699 5232 870 5312 tute
936 5255 1078 5310 sua
1141 5253 1296 5311 non
1360 5255 1652 5337 paucos
1717 5254 1962 5312 annos
2057 5229 2553 5314 nobilitatam
2616 5229 2984 5337 martyrio
3051 5232 3372 5316 demum

696 5386 1206 5514 consecravit.
1277 5437 1396 5450 —
1464 5388 1628 5473 Nos
1695 5388 1942 5499 igitur
2004 5387 2291 5473 harum
2354 5418 2620 5474 rerum
2687 5388 3175 5498 cogitatione
3243 5392 3378 5474 ad-
