4497 6714
3181 806 3263 880 ll

769 984 850 1069 in
915 986 1339 1073 liberandis
1402 987 1875 1097 tuendisque
1940 961 2461 1073 sanctioribus
2527 985 3023 1071 Palaestinae
3076 985 3293 1090 locis,
3339 994 3429 1073 ut

771 1174 930 1232 non
996 1148 1165 1234 sine
1233 1177 1509 1233 caussa
1550 1155 1778 1234 vetus
1822 1147 2018 1231 illud
2060 1147 2219 1233 vim
2262 1145 2655 1258 proverbii
2721 1145 3172 1249 obtinuerit,
3213 1155 3431 1261 qesta

773 1280 923 1395 Dee'
962 1341 1110 1422 per
1174 1313 1539 1397 Francos.
1608 1308 1871 1418 Atque
1937 1306 2062 1391 his
2127 1306 2562 1391 rationibus
2628 1304 2986 1417 contigit,
3063 1312 3155 1391 ut
3219 1305 3432 1392 fideli

775 1468 1033 1555 animo
1099 1498 1272 1555 sese
1337 1498 1479 1580 pro
1544 1468 1861 1554 nomine
1929 1466 2317 1553 catholico
2382 1469 2881 1569 devoventeS,
2949 1465 3028 1549 in
3095 1465 3431 1552 societa-

775 1636 938 1714 tem
1003 1629 1434 1740 gloriarum
1500 1628 1905 1714 Ecclesiae
1995 1628 2258 1737 aliquo
2347 1630 2577 1712 modo
2653 1606 2921 1712 venire
3006 1625 3430 1737 potuerint,

780 1793 860 1874 et
946 1789 1346 1900 complura
1431 1788 1747 1899 publice
1838 1789 2365 1899 privatimque
2455 1787 2892 1890 instituere,
2980 1787 3061 1872 in
3148 1788 3436 1898 quibus

779 1949 1064 2037 eximia
1127 1950 1244 2035 vis
1307 1950 1735 2061 religionis,
1819 1949 2417 2050 beneficentiae,
2503 1947 3176 2059 magnanimitatis
3264 1975 3434 2034 cer-

780 2109 1015 2194 nitur.
1086 2109 1296 2213 Quas
1359 2116 1669 2221 patrum
1734 2118 2179 2198 vestrorum
2234 2110 2569 2196 virtutes
2612 2110 2950 2195 Romani
3013 2110 3441 2196 Pontifices

783 2274 1261 2359 Decessores
1325 2274 1593 2358 Nostri
1657 2272 2035 2359 maiorem
2102 2272 2183 2357 in
2250 2275 2569 2358 modum
2611 2275 2944 2382 probare
3011 2299 3439 2358 consueve-

785 2441 993 2536 runt,
1060 2410 1615 2546 reddendaque
1693 2464 1834 2546 pro
1917 2433 2219 2520 meritis
2303 2433 2877 2536 benevolentia,
2958 2461 3117 2519 non
3198 2433 3446 2519 semel

787 2620 1062 2679 ornare
1133 2594 1545 2679 Gallorum
1610 2622 1896 2679 nomen
1962 2594 2329 2678 laudibus
2392 2593 2836 2679 voluerunt.
2892 2591 3444 2704 Amplissimae

788 2755 1105 2865 quidem
1169 2756 1348 2841 illae
1415 2762 1623 2859 sunt,
1693 2786 1888 2867 quas
1951 2755 2460 2842 Innocentius
2526 2758 2649 2840 III
2696 2762 2776 2840 et
2818 2756 3254 2866 Gregorius
3298 2758 3444 2860 IX,

789 2946 1079 3027 magna
1124 2917 1259 3000 illa
1302 2917 1708 3002 Ecclesiae
1754 2916 2073 3020 lumina,
2118 2915 2549 3000 maioribus
2613 2915 2896 3001 vestris
2961 2915 3448 2999 tribuebant:

793 3109 1129 3190 quorum
1193 3081 1405 3191 prior
1447 3081 1527 3165 in
1575 3080 1904 3191 epistola
1970 3082 2068 3163 ad
2134 3075 2837 3189 Archiepiscopum
2883 3076 3444 3182 Rhemensem,

790 3274 1094 3354 ⁴reynmn
1160 3246 1561 3345 Frcmez'ae,
1630 3240 1760 3343 ait,
1816 3248 2356 3356 preceroycelim
2423 3246 2747 3355 quadam
2811 3246 3186 3354 dz'lzyz‘mus
3249 3249 3451 3329 eari-

798 3410 1002 3507 tatae,
1069 3410 1312 3518 utpote
1378 3410 1576 3519 quod
1620 3436 1817 3517 prae
1881 3410 2135 3490 eez‘erz's²
2175 3407 2437 3489 mundi
2473 3408 2726 3515 requeis
2767 3404 3235 3515 Apostolz'eae
3280 3404 3461 3490 Sede'

796 3596 885 3651 ac
947 3568 1180 3653 Nobis
1244 3569 1740 3679 obsequ-cosam
1803 3598 2085 3678 θεωρῶν
2148 3572 2391 3651 emtis-it
2451 3571 2522 3651 et
2580 3571 2952 3652 devotum:
3015 3564 3215 3649 alter
3268 3591 3454 3650 vero

797 3723 878 3807 in
944 3724 1274 3835 epistola
1339 3728 1437 3809 ad
1500 3731 1859 3810 sanctum
1925 3725 2414 3809 Ludovicum
2478 3727 2624 3828 IX,
2693 3725 2773 3808 in
2827 3753 3076 3836 regno
3124 3725 3453 3828 Galliae,

801 3892 998 3999 quod
1056 3919 1105 3972 a
1171 3892 1534 3973 devotione
1601 3891 1748 3972 Dei
1805 3893 1875 3973 et
1934 3890 2307 3973 Ecclesiae
2393 3891 2591 3973 mello
2668 3918 2848 3973 casu
2924 3892 3144 3973 avelli
3187 3893 3457 4000 potuit,

799 4077 1180 4158 nunquam
1245 4049 1547 4132 libertas
1610 4051 2096 4132 ecelesiastica
2157 4051 2403 4157 periit,
2469 4050 2668 4132 mello
2731 4078 3060 4158 unquam
3150 4053 3462 4159 tempore

801 4214 1117 4318 myorem
1166 4213 1566 4319 proprium
1632 4212 2049 4292 demetiano
2093 4209 2301 4317 fides
2365 4213 2646 4293 cmzise't:
2712 4214 2888 4320 que-‘n
2932 4214 3072 4294 imo
3120 4238 3272 4320 pro
3336 4240 3463 4294 ea-

802 4399 969 4453 rum
1042 4373 1581 4453 conservatione
1644 4398 1855 4478 reyes
1937 4373 2008 4452 et
2078 4372 2401 4452 homines
2487 4372 2670 4453 dicti
2734 4375 2953 4480 requi
3029 4376 3464 4480 sanquinem

789 4533 1188 4640 proprium
1234 4526 1571 4637 fundere
1636 4531 1705 4611 et
1764 4558 1839 4611 se
1873 4530 2229 4638 per-{eules
2271 4531 2520 4612 multis
2565 4558 2920 4640 exponere
2983 4535 3271 4614 minime
3323 4533 3465 4614 du-

809 4689 1249 4772 bitaverunt.
1294 4734 1416 4748 —
1463 4687 1763 4769 Parens
1828 4690 2095 4770 autem
2162 4692 2488 4770 naturae
2554 4685 2798 4789 DeUS,
2854 4716 2900 4770 a
2948 4714 3103 4797 quo
3166 4716 3470 4774 merce-

807 4849 989 4931 dem
1052 4845 1434 4931 virtutum
1497 4852 1873 4956 recteque
1960 4848 2349 4931 factorum
2423 4847 2699 4958 utique
2775 4848 2860 4933 in
2947 4848 3179 4934 terris
3264 4849 3470 4935 acci-

807 5005 1034 5115 piunt
1100 5006 1479 5110 civitateS,
1547 5006 1797 5091 multa
1842 5007 2094 5092 Gallis
2136 5009 2236 5092 ad
2279 5008 2883 5120 prosperitatem
2942 5009 3278 5121 largitus
3323 5017 3467 5115 est,

811 5166 1084 5253 laudes
1146 5167 1495 5270 bellicas,
1563 5167 1780 5279 pacis
1844 5174 2077 5266 arteS,
2146 5168 2483 5280 gloriam
2546 5169 2909 5273 nominis,
2954 5170 3266 5282 imperii
3331 5203 3473 5258 au-

814 5328 1281 5415 ctoritatem.
1352 5327 1577 5432 Quod
1642 5328 1708 5413 si
1775 5328 2018 5414 oblita
2062 5333 2637 5439 quodammodo
2691 5331 2949 5416 Gallia
2993 5331 3139 5436 sui,
3188 5363 3475 5421 munus
