4497 6714
1256 844 1405 923 174

1099 1036 1412 1139 tempus
1479 1027 1783 1130 victrix,
1852 1029 1933 1110 in
1996 1028 2187 1139 ipsis
2254 1028 2928 1129 dimicationibus,
2969 1027 3371 1113 crescendi
3437 1055 3751 1110 caussas

1093 1187 1462 1275 inveniat.
1533 1186 1757 1291 Quod
1823 1187 2141 1297 quidem
2204 1188 2270 1272 si
2335 1188 2829 1299 superiorum
2895 1188 3433 1292 saeculorum,
3521 1192 3752 1298 quot-

1095 1358 1288 1460 quot
1353 1351 1449 1433 ab
1517 1347 1874 1435 Ecclesia
1937 1348 2248 1432 condita
2335 1348 2781 1451 fluxerunt,
2863 1377 3021 1433 non
3100 1355 3309 1434 esset
3374 1346 3754 1432 memoria

1101 1518 1505 1612 testatum,
1574 1509 1765 1594 satis
1832 1537 1925 1593 ea
1991 1508 2544 1593 confirmarent
2624 1535 2827 1616 quae
2894 1535 3037 1592 nos
3123 1506 3271 1617 ipsi
3334 1504 3487 1591 hoc
3554 1513 3753 1590 tem-

1097 1699 1286 1783 pore
1352 1669 1895 1782 perspicimus.
1963 1671 2171 1754 Ecce
2237 1666 2391 1753 hoc
2477 1667 2647 1777 ipso
2731 1666 3138 1753 teterrimo
3199 1666 3455 1770 100110,
3545 1668 3756 1776 quod

1096 1837 1467 1920 adversus
1533 1830 2010 1919 catholicum
2073 1858 2363 1915 nomen
2428 1829 2564 1913 diu
2626 1827 3112 1940 deflagravit,
3149 1826 3346 1911 nihil
3392 1828 3542 1914 sibi
3587 1857 3752 1914 me-

1094 2005 1324 2082 tuens
1390 1996 1748 2082 Ecclesia
1811 1992 2322 2105 defungitur:
2389 2000 2627 2102 atque
2673 1991 2755 2075 in
2791 2019 2884 2078 eo
2922 1990 3257 2077 maxime
3292 1990 3751 2102 triumphat,

1095 2162 1306 2269 quod
1369 2159 1450 2244 in
1514 2166 1676 2243 tam
1741 2163 2172 2269 pervagata
2238 2154 2697 2267 opinionum
2763 2181 3229 2263 morumque
3286 2154 3752 2266 corruptela,

1097 2322 1407 2432 quando
1473 2347 1871 2405 summum
1932 2320 2252 2420 bonum,
2323 2345 2525 2426 quae
2592 2325 2713 2402 051
2775 2317 2968 2400 fides
3051 2314 3533 2420 christiana,
3603 2315 3753 2400 cir-⁴

1098 2481 1475 2568 cumfusis
1560 2480 1908 2591 undique
1975 2478 2278 2563 insidiis
2345 2478 2424 2563 in
2488 2476 2837 2590 periculo
2904 2477 3238 2562 vertitur
3271 2542 3290 2581 ,
3358 2505 3516 2562 non
3581 2507 3757 2561 rara

1096 2652 1522 2733 occurrunt
1587 2650 2092 2755 experrectae
2157 2642 2472 2728 virtutis
2536 2645 3031 2743 documenta,
3111 2638 3754 2749 concordiaeque,

1095 2805 1466 2909 caritatis,
1533 2802 2010 2889 fortitudinis
2076 2802 2438 2912 exempla
2501 2800 2790 2913 passim
2856 2800 2937 2885 in
2993 2798 3284 2912 populo
3329 2796 3755 2883 christiano

1092 2973 1590 3052 renovantur.
1640 3014 1759 3029 —
1805 2966 2268 3073 Eodemque
2335 2971 2689 3072 tempore
2760 2990 2998 3047 novas
3067 2988 3358 3070 easque
3445 2987 3757 3069 peram-

1092 3128 1263 3240 plas
1326 3126 1693 3238 regiones
1757 3124 2193 3236 Evangelio
2275 3123 2702 3209 christiano
2790 3122 3146 3209 videmus
3212 3120 3362 3206 Dei
3429 3147 3755 3204 munere

1091 3290 1459 3377 reclusas
1497 3289 1735 3401 Viget
1770 3286 2245 3373 catholicum
2292 3316 2581 3374 nomen
2613 3287 2692 3371 in
2740 3286 3147 3373 America:
3182 3288 3759 3372 foederatarum

1093 3452 1499 3538 civitatum
1565 3450 1933 3563 Episcopi
1998 3450 2150 3535 hoc
2217 3450 2386 3562 ipso
2452 3479 2723 3535 mense
2800 3449 3218 3535 concilium
3262 3446 3512 3533 acturi
3547 3453 3753 3549 sunt,

1089 3618 1345 3724 deque
1413 3612 1945 3699 ecclesiastica
1992 3611 2405 3722 disciplina
2450 3611 2598 3696 rite
2648 3610 3081 3695 ordinanda
3125 3608 3518 3695 communi
3550 3607 3755 3692 iudi-

1091 3776 1209 3861 cio
1275 3773 1808 3860 deliberaturi.
1879 3772 2118 3884 Viget
2184 3772 2397 3857 idem
2462 3800 2550 3856 ac
2616 3778 3107 3883 propagatur
3169 3773 3376 3882 apud
3426 3769 3754 3853 Austra-

1088 3937 1337 4021 lianos
1372 4002 1391 4041 ,
1472 3937 1681 4046 apud
1767 3937 2043 4037 Indos,
2120 3933 2517 4043 variisque
2607 3933 2951 4019 Orientis
3029 3932 3424 4044 partibUS,
3492 3931 3603 4015 ita
3665 3938 3755 4014 ut

1093 4094 1700 4181 christianorum
1744 4094 2165 4179 multitudo
2212 4093 2688 4205 quotidianis
2731 4094 3304 4204 propemodum
3361 4099 3591 4176 aucta
3634 4090 3754 4174 in-

1091 4255 1513 4342 crementis
1578 4255 1771 4339 01105
1836 4261 2074 4363 atque
2140 4254 2335 4339 alios
2398 4253 2691 4338 vicario
2758 4281 3084 4338 munere
3133 4251 3561 4361 apostolico
3624 4281 3751 4338 re-

1090 4424 1346 4503 ctores
1410 4442 1788 4526 persaepe
1853 4413 2226 4523 requirat.

1276 4578 1397 4663 De
1464 4576 1727 4661 Africa
1771 4603 1978 4679 ver0,
2047 4574 2403 4685 quamvis
2449 4605 2821 4688 magnam
2871 4572 3130 4659 adhuc
3174 4581 3479 4683 partem
3545 4572 3752 4658 chri-

1088 4738 1391 4824 stianae
1456 4736 1886 4848 sapientiae
1954 4765 2236 4848 expers
2302 4737 2522 4821 cultu
2607 4736 3038 4822 inhumano
3105 4736 3490 4839 silvescat,
3558 4735 3752 4820 illud

1086 4911 1353 4988 tamen
1416 4901 1579 4985 Nos
1646 4899 1984 4983 iucunde
2059 4898 2298 4984 afficit
2381 4900 2744 5009 beneque
2812 4899 2894 4983 in
2969 4904 3373 5010 posterum
3438 4924 3750 5007 sperare

1087 5064 1331 5166 iubet,
1399 5063 1609 5171 quod
1673 5059 2035 5145 instituta
2101 5058 2530 5145 christiana
2586 5061 2773 5145 satis
2838 5061 2992 5144 iam
3039 5060 3404 5146 coluntur
3445 5058 3527 5143 in
3572 5088 3749 5171 sep-

1085 5220 1559 5324 tentrionali,
1608 5249 1809 5330 quae
1874 5220 2071 5305 mari
2128 5220 2474 5325 alluitur,
2523 5204 2683 5308 ora.
2726 5273 2842 5282 -—
2881 5220 3051 5325 Qua
3095 5222 3173 5306 in
3239 5251 3324 5308 re
3370 5250 3527 5307 non
3583 5219 3748 5307 exi-

1087 5412 1247 5494 gua
1290 5388 1473 5465 sunt
1536 5381 1816 5466 merita
1856 5381 2090 5466 unius
2155 5380 2303 5465 viri
2359 5410 2455 5466 ex
2501 5380 2979 5491 amplissimo
3040 5380 3393 5492 Collegio
3459 5388 3741 5484 vestrO,
