4497 6714
1215 759 1318 835 54

1061 939 1285 1026 taleS.
1357 990 1467 1005 —
1537 938 1783 1049 Atqui
1846 948 2063 1025 secta
2127 941 2582 1025 Massonum
2664 942 2764 1023 ad
2824 938 2972 1025 hos
3060 939 3270 1050 ipsos
3353 935 3717 1047 scopulos

1062 1127 1221 1186 non
1284 1099 1643 1184 dissimili
1709 1129 1983 1185 cursus
2083 1128 2345 1186 errore
2442 1098 2957 1186 adhaerescit.
3062 1098 3430 1203 Quamvis
3507 1096 3716 1183 enim

1062 1260 1324 1345 Deum
1392 1288 1565 1346 esse
1632 1261 2074 1372 generatim
2139 1261 2678 1371 profiteantur,
2725 1260 2807 1343 id
2847 1267 3113 1345 tamen
3180 1287 3334 1344 non
3388 1258 3718 1344 haerere

1063 1421 1145 1507 in
1210 1422 1706 1534 singulorum
1770 1423 2168 1508 mentibus
2213 1424 2436 1508 firma
2479 1423 2929 1509 assensione
2974 1422 3420 1530 iudicioque
3455 1419 3719 1505 stabili

1064 1583 1604 1686 constitutum,
1672 1583 1820 1694 ipsi
1864 1584 2013 1668 sibi
2059 1592 2243 1669 sunt
2307 1591 2577 1670 testes
2613 1585 2895 1694 Neque
2943 1584 3153 1669 enim
3197 1581 3744 1707 dissimulant,

1061 1742 1269 1830 hanc
1332 1747 1430 1830 de
1497 1745 1670 1829 Deo
1716 1745 2260 1854 quaestionem
2306 1745 2737 1830 maximum
2801 1748 3009 1856 apud
3072 1745 3282 1856 ipsos
3328 1772 3500 1829 esse
3545 1745 3718 1828 fon-

1063 1913 1227 1991 tem
1272 1934 1786 2015 caussamque
1831 1905 2165 1990 dissidii:
2216 1905 2456 1992 immo
2501 1936 2657 1993 non
2701 1907 3178 1993 mediocrem
3221 1904 3372 1990 hac
3419 1905 3588 2014 ipsa
3620 1907 3716 1989 de

1065 2095 1150 2152 re
1218 2073 1523 2151 constat
1589 2066 1947 2152 extitisse
2012 2067 2218 2153 inter
2264 2096 2398 2154 eos
2442 2068 2794 2178 proximo
2849 2067 3086 2155 etiam
3130 2074 3485 2178 tempore
3532 2094 3717 2151 con-

1064 2227 1525 2313 tentionem.
1593 2228 1715 2312 Re
1781 2233 2047 2313 autem
2110 2256 2296 2313 vera
2359 2228 2686 2313 initiatis
2751 2257 3120 2339 magnam
3195 2233 3411 2312 secta
3473 2226 3718 2312 licen-

1068 2386 1261 2470 tiam
1325 2388 1481 2488 dat,
1548 2393 1637 2469 ut
1703 2385 2172 2471 alterutrum
2234 2387 2470 2473 liceat
2533 2417 2675 2473 suo
2741 2388 2908 2473 iure
2975 2390 3420 2491 defendere,
3457 2389 3719 2474 Deum

1071 2574 1268 2649 esse,
1336 2547 1597 2631 Deum
1664 2546 1968 2630 nullum
2034 2574 2252 2633 esse:
2321 2554 2401 2633 et
2467 2547 2600 2656 qui
2666 2548 2973 2632 nullum
3038 2577 3211 2634 esse
3287 2550 3720 2660 praefracte

1072 2712 1571 2811 contendant,
1637 2714 1801 2792 tam
1867 2707 2095 2794 facile
2171 2708 2604 2812 initiantur,
2692 2739 2926 2820 quam
3013 2710 3147 2821 qui
3221 2711 3483 2795 Deum
3549 2738 3720 2795 esse

1069 2870 1489 2982 opinantur
1553 2867 1894 2977 quidem,
1961 2871 2102 2952 sed
2167 2871 2264 2954 de
2331 2897 2423 2954 eo
2489 2899 2727 2980 prava
2790 2870 3163 2973 sentiunt,
3209 2877 3300 2954 ut
3340 2866 3719 2953 Panthei-

1070 3039 1239 3118 stae
1304 3031 1594 3116 solent:
1663 3031 1873 3138 quod
1938 3027 2138 3112 nihil
2204 3036 2326 3115 est
2390 3030 2626 3132 aliud,
2695 3059 2931 3140 quam
3008 3030 3317 3115 divinae
3396 3037 3722 3115 naturae

1068 3194 1493 3278 absurdam
1580 3192 2000 3299 quamdam
2066 3189 2412 3301 speciem
2486 3190 2850 3295 retinere,
2927 3191 3343 3277 veritatem
3415 3191 3716 3277 tollere.

1071 3352 1241 3460 Quo
1309 3380 1581 3439 everso
1648 3350 2137 3436 infirmatove
2204 3350 2545 3438 maximo
2621 3354 3156 3450 fundamentO,
3235 3381 3723 3463 consequens

1070 3521 1191 3601 est
1254 3519 1345 3598 ut
1407 3512 1541 3597 illa
1607 3540 1921 3621 quoque
1988 3510 2383 3614 vacillent,
2455 3541 2654 3622 quae
2721 3519 3001 3596 natura
3056 3515 3527 3598 admonente
3594 3540 3725 3597 co-

1068 3683 1582 3790 gnoscuntur,
1650 3683 1972 3761 cunctas
2038 3705 2163 3761 res
2226 3675 2478 3760 libera
2534 3675 2907 3761 creatoris
2942 3675 3093 3761 Dei
3136 3675 3541 3760 voluntate
3588 3704 3725 3761 ex-

1066 3835 1353 3921 titisse:
1421 3837 1802 3918 mundum
1867 3833 2360 3945 providentia
2402 3835 2606 3945 regi:
2675 3835 2982 3918 nullum
3049 3864 3221 3920 esse
3288 3834 3726 3920 animorum

1070 3998 1534 4086 interitum:
1630 3998 1855 4102 huic,
1925 4027 2125 4108 quae
2193 3998 2274 4082 in
2339 3998 2571 4084 terris
2669 3998 2974 4108 agitur,
3052 3996 3461 4083 hominum
3523 3998 3730 4083 vitae

1071 4187 1612 4268 successuram
1679 4158 2007 4242 alteram
2074 4186 2407 4266 eamque
2474 4157 3058 4268 sempiternam.

1256 4317 1406 4403 His
1472 4324 1738 4402 autem
1804 4316 2147 4428 dilapsis,
2187 4346 2389 4426 quae
2457 4324 2641 4401 sunt
2705 4323 3109 4427 tamquam
3154 4323 3481 4403 naturae
3518 4317 3733 4427 prin-

1075 4479 1299 4591 cipia,
1367 4483 1467 4564 ad
1532 4479 2066 4590 cognitionem
2140 4508 2533 4589 usumque
2609 4478 3055 4590 praecipua,
3143 4478 3416 4588 quales
3490 4478 3733 4562 futuri

1076 4640 1234 4725 sint
1296 4639 1578 4751 privati
1643 4639 2095 4750 publicique
2161 4667 2443 4742 mores,
2512 4638 2741 4724 facile
2809 4645 3155 4749 apparet.
3217 4688 3340 4702 —
3396 4638 3734 4725 Silemus

1077 4802 1174 4885 de
1271 4798 1694 4885 virtutibus
1790 4798 2327 4902 divinioribuS‚
2435 4827 2629 4908 quas
2727 4801 3025 4908 absque
3122 4798 3504 4909 singulari
3586 4797 3732 4884 Dei

1077 4988 1405 5045 munere
1503 4967 1583 5046 et
1679 4961 1883 5045 dono
1983 4988 2130 5045 nec
2231 4987 2603 5045 exercere
2655 4967 2960 5070 potest
3057 4958 3493 5069 quisquam,
3593 4987 3739 5043 nec

1082 5117 1509 5229 consequi:
1576 5148 1910 5229 quarum
1973 5123 2327 5232 profecto
2394 5150 2716 5206 necesse
2763 5131 2882 5207 est
2925 5121 3231 5204 nullum
3295 5121 3375 5203 in
3441 5120 3536 5204 iis
3600 5148 3737 5205 ve-

1083 5278 1411 5390 stigium
1473 5280 1821 5392 reperiri,
1891 5280 2024 5391 qui
2090 5280 2713 5391 redemptionem
2789 5281 3106 5391 generis
3183 5278 3534 5383 humani,
3602 5279 3735 5390 qui
