4497 6714
3234 880 3337 955 85

1016 1056 1132 1143 9?
1199 1059 1477 1168 Neque
1544 1059 2023 1169 peculiarem
2091 1087 2363 1145 eorum
2412 1090 2713 1145 curam
2761 1062 3020 1173 fugiet
3101 1062 3484 1147 mirabilis

826 1219 960 1303 illa
1015 1253 1317 1334 precum
1382 1228 1453 1308 et
1491 1252 1789 1334 operum
1829 1229 2159 1324 societte&
2210 1250 2411 1330 quae
2458 1222 2856 1306 nonnullis
2900 1222 2978 1305 in
3025 1222 3217 1308 locis
3277 1231 3483 1326 nata,

825 1377 906 1461 iu
968 1378 1141 1462 aliis
1205 1378 1361 1463 iam
1426 1380 1878 1465 adolescere
1945 1381 2224 1492 coepit.
2297 1383 2748 1466 Curandum
2836 1411 3142 1467 summo
3222 1383 3482 1467 studio

825 1547 967 1644 est,
1034 1547 1123 1624 ut
1188 1540 1267 1624 in
1335 1538 1542 1626 hanc
1607 1542 2150 1627 adscribantur
2217 1550 2604 1652 quotquot
2672 1551 2888 1629 recte
2934 1546 3030 1629 de
3098 1543 3483 1655 religione

822 1701 1195 1786 sentiunt.
1264 1702 1467 1786 Nam
1535 1733 1715 1786 cum
1782 1703 1855 1787 ei
1920 1704 2408 1815 propositum
2493 1704 2652 1809 sit,
2719 1704 3072 1815 generali
3147 1707 3483 1814 quadam

824 1861 1262 1947 animorum
1331 1862 1843 1948 consensione
1911 1863 1990 1946 in
2057 1863 2424 1948 universa
2489 1894 2644 1973 qua
2708 1864 2864 1950 late
2930 1872 3147 1976 patet
3214 1864 3484 1951 catho-

821 2020 972 2104 lica
1034 2020 1393 2106 Ecclesia
1428 2088 1447 2126 ‚
1516 2021 1923 2132 religionis
1987 2052 2078 2107 ac
2144 2023 2460 2134 pietatis
2526 2053 2764 2135 opera
2828 2026 3092 2111 fovere
3174 2033 3254 2111 et
3318 2055 3483 2111 am-

819 2182 1217 2292 plificare,
1286 2184 1755 2293 divinaeque
1821 2184 2344 2295 indignationi
2427 2186 2856 2297 placandae
2939 2186 3249 2272 assidue
3318 2194 3485 2271 stu-

821 2344 1033 2446 dere,
1102 2344 1330 2430 facile
1398 2344 1872 2456 intelligitur
1938 2354 2278 2455 quantae
2345 2375 2438 2431 ea
2502 2346 2809 2432 miseris
2872 2346 3092 2433 hisce
3179 2356 3483 2459 tempo-

819 2504 1037 2587 ribus
1103 2506 1369 2589 futura
1433 2505 1537 2589 sit
1600 2505 1951 2589 utilitati.
2019 2508 2137 2590 Ex
2204 2498 2875 2616 precandi‘autem
2911 2507 3265 2592 formulis
3310 2535 3484 2593 eam

821 2663 1194 2775 Episcopi
1260 2667 1923 2751 commendabunt
1987 2666 2351 2770 maxime,
2419 2695 2620 2776 quae
2687 2698 2732 2750 a
2799 2667 3183 2778 Deiparae
3229 2674 3481 2757 Rosa-

824 2834 935 2912 rf'o
1002 2852 1292 2910 nomen
1390 2823 1634 2910 habet
1669 2890 1687 2926 ‚
1757 2853 2151 2935 quamque
2250 2833 2653 2936 tamquam
2727 2828 3482 2938 praestantissimam

826 2985 1334 3097 amplissimis
1397 2985 1762 3070 laudibus
1826 2974 2041 3069 haud
2105 2985 2215 3070 ita
2259 2986 2563 3097 pridem
2608 2987 3162 3074 Sanctissimus
3207 2989 3481 3076 Domi·

834 3175 982 3229 nus
1048 3146 1339 3230 Noster
1400 3153 1928 3255 prosequutus
2015 3155 2137 3231 est
2214 3155 2294 3232 et
2378 3148 2951 3259 impensissime
3034 3151 3475 3237 inculcavit.

824 3308 1044 3392 Inter
1107 3335 1347 3419 opera
1410 3335 1595 3392 vero
1662 3306 1979 3418 pietatis
2064 3337 2157 3394 ea
2244 3308 2602 3421 eligant,
2671 3339 2873 3421 quae
2940 3311 3139 3401 obiri
3222 3315 3319 3398 ab
3388 3313 3480 3399 iis

823 3469 1078 3555 solent
1142 3469 1278 3579 qui
1343 3477 1637 3558 tertium
1702 3469 1777 3556 S.
1848 3471 2251 3555 Francisci
2329 3475 2674 3560 Ordinem
2736 3474 3227 3582 profitentur,
3273 3474 3481 3560 inter

840 3659 1038 3738 quos
1103 3630 1310 3714 sieut
1375 3638 1455 3716 et
1521 3630 1727 3716 inter
1792 3631 2097 3717 sodales
2164 3632 2239 3719 S.
2307 3632 2701 3718 Vincentii
2768 3663 2814 3717 a
2876 3633 3127 3718 Paulo
3159 3634 3285 3720 vel
3319 3635 3488 3719 Ma-

826 3790 1085 3877 rianos
1153 3818 1309 3901 quo
1374 3792 1641 3901 plures
1708 3790 1877 3876 fieri
1940 3791 2232 3902 poterit
2279 3792 2882 3878 conscribendos
2926 3795 3336 3897 curabunt,
3394 3801 3485 3878 ut

832 3952 1455 4062 praeclarissima
1519 3981 1778 4062 opera,
1817 3983 2017 4062 quae
2084 3961 2304 4039 tanto
2374 3984 2553 4040 curn
2600 3955 2974 4042 catholici
3018 3958 3228 4042 orbis
3259 3958 3484 4068 plau·
3571 4019 3586 4032 .

826 4141 918 4194 su
984 4118 1065 4196 et
1130 4110 1565 4195 animarum
1629 4114 1894 4195 fructu
1963 4115 2060 4196 ab
2129 4113 2408 4198 iisdem
2473 4125 2963 4225 peraguntur
2998 4182 3017 4218 ‚
3084 4116 3319 4200 latius
3399 4116 3480 4200 in

825 4271 993 4356 dies
1059 4279 1403 4359 manent.

1028 4431 1202 4518 10.⁰
1268 4434 1671 4545 Optimum
1734 4434 2075 4554 denique
2140 4439 2354 4521 factu
2419 4446 2651 4540 esset,
2719 4437 2784 4522 si
2829 4438 2963 4523 ubi
3008 4439 3090 4524 id
3134 4441 3484 4528 locorum

828 4599 906 4676 et
969 4619 1484 4700 personarum
1562 4592 1927 4678 adiuncta
2006 4594 2386 4699 siverint,
2456 4597 2890 4684 catholicae
2977 4601 3483 4687 scientiarum

828 4751 1298 4839 Academiae
1366 4753 1902 4839 excitarentur
1935 4821 1954 4859 ,
2022 4756 2296 4866 illique
2379 4759 2760 4867 perutiles
2845 4769 3277 4848 conventus
3341 4792 3483 4848 seu

839 4918 1293 5028 Conpressas
1325 4980 1344 5017 ‚
1412 4914 1529 4999 uti
1594 4925 1876 5001 vocant
1911 4982 1930 5019 ‚
1996 4915 2484 5004 haberentur
2517 4988 2541 5025 ,
2607 4924 2706 5006 ad
2787 4951 2983 5033 quos
3060 4923 3294 5009 unius
3356 4924 3482 5010 vel

823 5072 1168 5183 plurium
1230 5075 1651 5185 regionum
1716 5076 2123 5162 lectissimi
2158 5077 2520 5166 homines
2555 5084 3144 5192 deputarentur,
3183 5113 3474 5196 eosque

819 5235 1264 5345 praesentia
1328 5266 1469 5321 sua
1533 5237 1948 5323 Sacrorum
2012 5237 2429 5327 Antistites
2509 5240 2931 5330 honestare
3013 5272 3172 5330 non
3255 5247 3474 5333 dedi-

822 5404 1257 5507 gnarentur
1293 5464 1311 5499 ‚
1378 5407 1468 5481 ut
1534 5398 1764 5481 simul
1835 5399 2159 5484 consilia
2222 5401 2335 5485 rei
2405 5402 2836 5486 catholicae
2923 5407 3474 5516 provehendae
